
@article{alcoutlabi2005,
  title = {Effects of Confinement on Material Behaviour at the Nanometre Size Scale},
  author = {Alcoutlabi, Mataz and McKenna, Gregory B},
  year = {2005},
  month = apr,
  journal = {J. Phys.: Condens. Matter},
  volume = {17},
  number = {15},
  pages = {R461-R524},
  issn = {0953-8984, 1361-648X},
  doi = {10.1088/0953-8984/17/15/R01},
  langid = {english},
  file = {/Users/fergusmoore/Zotero/storage/PLY3EJJ9/Alcoutlabi and McKenna - 2005 - Effects of confinement on material behaviour at th.pdf}
}

@article{alder1957,
  title = {Phase {{Transition}} for a {{Hard Sphere System}}},
  author = {Alder, B. J. and Wainwright, T. E.},
  year = {1957},
  month = nov,
  journal = {The Journal of Chemical Physics},
  volume = {27},
  number = {5},
  pages = {1208--1209},
  issn = {0021-9606, 1089-7690},
  doi = {10.1063/1.1743957},
  langid = {english},
  file = {/Users/fergusmoore/Zotero/storage/NU4K35PE/alder1957.pdf.pdf;/Users/fergusmoore/Zotero/storage/WXVSX34L/Alder and Wainwright - 1957 - Phase Transition for a Hard Sphere System.pdf}
}

@article{alert2020,
  title = {Universal Scaling of Active Nematic Turbulence},
  author = {Alert, Ricard and Joanny, Jean-Fran{\c c}ois and Casademunt, Jaume},
  year = {2020},
  month = jun,
  journal = {Nat. Phys.},
  volume = {16},
  number = {6},
  pages = {682--688},
  issn = {1745-2473, 1745-2481},
  doi = {10.1038/s41567-020-0854-4},
  langid = {english},
  file = {/Users/fergusmoore/Zotero/storage/8TJZDEFG/10.1038@s41567-020-0854-4.pdf.pdf;/Users/fergusmoore/Zotero/storage/GICJDALT/Alert et al. - 2020 - Universal scaling of active nematic turbulence.pdf}
}

@misc{allan2021,
  title = {Soft-Matter/Trackpy: {{Trackpy}} v0.5.0},
  shorttitle = {Soft-Matter/Trackpy},
  author = {Allan, Daniel B. and Caswell, Thomas and Keim, Nathan C. and {van der Wel}, Casper M. and Verweij, Ruben W.},
  year = {2021},
  month = apr,
  doi = {10.5281/zenodo.4682814},
  howpublished = {Zenodo},
  file = {/Users/fergusmoore/Zotero/storage/MFBAR6AA/4682814.html}
}

@article{amieva,
  title = {{{THE PHASE BEHAVIOUR OF ACTIVE COLLOIDAL ROLLERS}}},
  author = {Amieva, Abraham Mauleon},
  pages = {301},
  langid = {english},
  keywords = {thesis},
  file = {/Users/fergusmoore/Zotero/storage/5ACXXVYX/Amieva - THE PHCAOSLELBOEIDHAALVIROOULRLEORFSACTIVE.pdf}
}

@article{angelini2011,
  title = {Glass-like Dynamics of Collective Cell Migration},
  author = {Angelini, Thomas E. and Hannezo, Edouard and Trepat, Xavier and Marquez, Manuel and Fredberg, Jeffrey J. and Weitz, David A.},
  year = {2011},
  month = mar,
  journal = {Proc. Natl. Acad. Sci. U.S.A.},
  volume = {108},
  number = {12},
  pages = {4714--4719},
  issn = {0027-8424, 1091-6490},
  doi = {10.1073/pnas.1010059108},
  langid = {english},
  file = {/Users/fergusmoore/Zotero/storage/8YGZI893/angelini2011.pdf.pdf;/Users/fergusmoore/Zotero/storage/ME24L69Y/Angelini et al. - 2011 - Glass-like dynamics of collective cell migration.pdf}
}

@article{asakura1954,
  title = {On {{Interaction}} between {{Two Bodies Immersed}} in a {{Solution}} of {{Macromolecules}}},
  author = {Asakura, Sho and Oosawa, Fumio},
  year = {1954},
  month = jul,
  journal = {The Journal of Chemical Physics},
  volume = {22},
  number = {7},
  pages = {1255--1256},
  issn = {0021-9606, 1089-7690},
  doi = {10.1063/1.1740347},
  langid = {english},
  file = {/Users/fergusmoore/Zotero/storage/29LQQ73S/Asakura and Oosawa - 1954 - On Interaction between Two Bodies Immersed in a So.pdf;/Users/fergusmoore/Zotero/storage/35V9R9YZ/on-interaction-between-two-bodies-immersed-in-a-solution-of-macr-1954.pdf.pdf}
}

@article{auer2004,
  title = {Numerical Prediction of Absolute Crystallization Rates in Hard-Sphere Colloids},
  author = {Auer, S. and Frenkel, D.},
  year = {2004},
  month = feb,
  journal = {J. Chem. Phys.},
  volume = {120},
  number = {6},
  pages = {3015--3029},
  publisher = {{American Institute of Physics}},
  issn = {0021-9606},
  doi = {10.1063/1.1638740},
  file = {/Users/fergusmoore/Zotero/storage/JU27WTSN/Auer and Frenkel - 2004 - Numerical prediction of absolute crystallization r.pdf;/Users/fergusmoore/Zotero/storage/L6FGYJTN/1.html}
}

@article{ballerini2008,
  title = {Interaction Ruling Animal Collective Behavior Depends on Topological Rather than Metric Distance: {{Evidence}} from a Field Study},
  shorttitle = {Interaction Ruling Animal Collective Behavior Depends on Topological Rather than Metric Distance},
  author = {Ballerini, M. and Cabibbo, N. and Candelier, R. and Cavagna, A. and Cisbani, E. and Giardina, I. and Lecomte, V. and Orlandi, A. and Parisi, G. and Procaccini, A. and Viale, M. and Zdravkovic, V.},
  year = {2008},
  month = jan,
  journal = {Proc. Natl. Acad. Sci. U.S.A.},
  volume = {105},
  number = {4},
  pages = {1232--1237},
  issn = {0027-8424, 1091-6490},
  doi = {10.1073/pnas.0711437105},
  langid = {english},
  file = {/Users/fergusmoore/Zotero/storage/RMLE6UBQ/Ballerini et al. - 2008 - Interaction ruling animal collective behavior depe.pdf}
}

@article{barker1967,
  title = {Perturbation {{Theory}} and {{Equation}} of {{State}} for {{Fluids}}. {{II}}. {{A Successful Theory}} of {{Liquids}}},
  author = {Barker, J. A. and Henderson, D.},
  year = {1967},
  month = dec,
  journal = {J. Chem. Phys.},
  volume = {47},
  number = {11},
  pages = {4714--4721},
  issn = {0021-9606, 1089-7690},
  doi = {10.1063/1.1701689},
  langid = {english},
  file = {/Users/fergusmoore/Zotero/storage/7XFB78MQ/Barker and Henderson - 1967 - Perturbation Theory and Equation of State for Flui.pdf;/Users/fergusmoore/Zotero/storage/DM3JUD3W/barker1967.pdf#view=FitH.pdf}
}

@article{baskaran2008,
  title = {Enhanced {{Diffusion}} and {{Ordering}} of {{Self-Propelled Rods}}},
  author = {Baskaran, Aparna and Marchetti, M. Cristina},
  year = {2008},
  month = dec,
  journal = {Phys. Rev. Lett.},
  volume = {101},
  number = {26},
  pages = {268101},
  issn = {0031-9007, 1079-7114},
  doi = {10.1103/PhysRevLett.101.268101},
  langid = {english},
  file = {/Users/fergusmoore/Zotero/storage/5DLLY55V/Baskaran and Marchetti - 2008 - Enhanced Diffusion and Ordering of Self-Propelled .pdf}
}

@article{bazazi2008,
  title = {Collective {{Motion}} and {{Cannibalism}} in {{Locust Migratory Bands}}},
  author = {Bazazi, Sepideh and Buhl, Jerome and Hale, Joseph J. and Anstey, Michael L. and Sword, Gregory A. and Simpson, Stephen J. and Couzin, Iain D.},
  year = {2008},
  month = may,
  journal = {Current Biology},
  volume = {18},
  number = {10},
  pages = {735--739},
  issn = {09609822},
  doi = {10.1016/j.cub.2008.04.035},
  langid = {english},
  file = {/Users/fergusmoore/Zotero/storage/4CA7TNTZ/Bazazi et al. - 2008 - Collective Motion and Cannibalism in Locust Migrat.pdf}
}

@article{bechinger2016a,
  title = {Active {{Particles}} in {{Complex}} and {{Crowded Environments}}},
  author = {Bechinger, Clemens and Di Leonardo, Roberto and L{\"o}wen, Hartmut and Reichhardt, Charles and Volpe, Giorgio and Volpe, Giovanni},
  year = {2016},
  month = nov,
  journal = {Rev. Mod. Phys.},
  volume = {88},
  number = {4},
  pages = {045006},
  issn = {0034-6861, 1539-0756},
  doi = {10.1103/RevModPhys.88.045006},
  langid = {english},
  file = {/Users/fergusmoore/Zotero/storage/3CEPMIEG/Bechinger et al. - 2016 - Active Particles in Complex and Crowded Environmen.pdf;/Users/fergusmoore/Zotero/storage/9ZB78XIK/bechinger2016.pdf.pdf}
}

@article{berke2008,
  title = {Hydrodynamic {{Attraction}} of {{Swimming Microorganisms}} by {{Surfaces}}},
  author = {Berke, Allison P. and Turner, Linda and Berg, Howard C. and Lauga, Eric},
  year = {2008},
  month = jul,
  journal = {Phys. Rev. Lett.},
  volume = {101},
  number = {3},
  pages = {038102},
  issn = {0031-9007, 1079-7114},
  doi = {10.1103/PhysRevLett.101.038102},
  langid = {english},
  file = {/Users/fergusmoore/Zotero/storage/74E2P94T/berke2008.pdf.pdf;/Users/fergusmoore/Zotero/storage/JS2DQNIJ/Berke et al. - 2008 - Hydrodynamic Attraction of Swimming Microorganisms.pdf}
}

@article{berry1966,
  title = {Thermodynamic and {{Conformational Properties}} of {{Polystyrene}}. {{I}}. {{Light}}-{{Scattering Studies}} on {{Dilute Solutions}} of {{Linear Polystyrenes}}},
  author = {Berry, G. C.},
  year = {1966},
  month = jun,
  journal = {The Journal of Chemical Physics},
  volume = {44},
  number = {12},
  pages = {4550--4564},
  issn = {0021-9606, 1089-7690},
  doi = {10.1063/1.1726673},
  langid = {english},
  file = {/Users/fergusmoore/Zotero/storage/H9GIVBRI/Berry - 1966 - Thermodynamic and Conformational Properties of Pol.pdf;/Users/fergusmoore/Zotero/storage/YRFYTSPI/berry1966.pdf.pdf}
}

@article{berthier2011,
  title = {Theoretical Perspective on the Glass Transition and Amorphous Materials},
  author = {Berthier, Ludovic and Biroli, Giulio},
  year = {2011},
  month = jun,
  journal = {Rev. Mod. Phys.},
  volume = {83},
  number = {2},
  pages = {587--645},
  issn = {0034-6861, 1539-0756},
  doi = {10.1103/RevModPhys.83.587},
  langid = {english},
  file = {/Users/fergusmoore/Zotero/storage/N2VQQDUJ/Berthier and Biroli - 2011 - Theoretical perspective on the glass transition an.pdf}
}

@article{berthier2017,
  title = {How Active Forces Influence Nonequilibrium Glass Transitions},
  author = {Berthier, Ludovic},
  year = {2017},
  journal = {New J Phys},
  pages = {14},
  doi = {10.1088/1367-2630/aa914e},
  langid = {english},
  file = {/Users/fergusmoore/Zotero/storage/YB25LGFU/Berthier - 2017 - How active forces influence nonequilibrium glass t.pdf}
}

@article{berthier2019,
  title = {Glassy Dynamics in Dense Systems of Active Particles},
  author = {Berthier, Ludovic and Flenner, Elijah and Szamel, Grzegorz},
  year = {2019},
  month = may,
  journal = {J. Chem. Phys.},
  volume = {150},
  number = {20},
  pages = {200901},
  issn = {0021-9606, 1089-7690},
  doi = {10.1063/1.5093240},
  langid = {english},
  file = {/Users/fergusmoore/Zotero/storage/24WSDZHJ/Berthier et al. - 2019 - Glassy dynamics in dense systems of active particl.pdf}
}

@article{bertin2006,
  title = {Boltzmann and Hydrodynamic Description for Self-Propelled Particles},
  author = {Bertin, Eric and Droz, Michel and Gr{\'e}goire, Guillaume},
  year = {2006},
  month = aug,
  journal = {Phys. Rev. E},
  volume = {74},
  number = {2},
  pages = {022101},
  issn = {1539-3755, 1550-2376},
  doi = {10.1103/PhysRevE.74.022101},
  langid = {english},
  file = {/Users/fergusmoore/Zotero/storage/MB6NE9GZ/Bertin et al. - 2006 - Boltzmann and hydrodynamic description for self-pr.pdf}
}

@article{bertrand2018,
  title = {Optimized {{Diffusion}} of {{Run-and-Tumble Particles}} in {{Crowded Environments}}},
  author = {Bertrand, Thibault and Zhao, Yongfeng and B{\'e}nichou, Olivier and Tailleur, Julien and Voituriez, Rapha{\"e}l},
  year = {2018},
  month = may,
  journal = {Phys. Rev. Lett.},
  volume = {120},
  number = {19},
  pages = {198103},
  issn = {0031-9007, 1079-7114},
  doi = {10.1103/PhysRevLett.120.198103},
  langid = {english},
  file = {/Users/fergusmoore/Zotero/storage/2JF8KQG6/Bertrand et al. - 2018 - Optimized Diffusion of Run-and-Tumble Particles in.pdf}
}

@article{bhattacharjee,
  title = {Bacterial Hopping and Trapping in Porous Media},
  author = {Bhattacharjee, Tapomoy},
  pages = {9},
  langid = {english},
  file = {/Users/fergusmoore/Zotero/storage/PJCEZ2WM/Bhattacharjee - Bacterial hopping and trapping in porous media.pdf}
}

@article{bhattacharjee2019,
  title = {Bacterial Hopping and Trapping in Porous Media},
  author = {Bhattacharjee, Tapomoy and Datta, Sujit S.},
  year = {2019},
  journal = {Nat. Commun.},
  volume = {10},
  number = {1},
  pages = {2--10},
  publisher = {{Springer US}},
  issn = {4146701910},
  doi = {10.1038/s41467-019-10115-1}
}

@article{bi2015,
  title = {A Density-Independent Rigidity Transition in Biological Tissues},
  author = {Bi, Dapeng and Lopez, J. H. and Schwarz, J. M. and Manning, M. Lisa},
  year = {2015},
  month = dec,
  journal = {Nature Phys},
  volume = {11},
  number = {12},
  pages = {1074--1079},
  issn = {1745-2473, 1745-2481},
  doi = {10.1038/nphys3471},
  langid = {english},
  file = {/Users/fergusmoore/Zotero/storage/SS8FKDJP/Bi et al. - 2015 - A density-independent rigidity transition in biolo.pdf}
}

@article{bi2016,
  title = {Motility-{{Driven Glass}} and {{Jamming Transitions}} in {{Biological Tissues}}},
  author = {Bi, Dapeng and Yang, Xingbo and Marchetti, M. Cristina and Manning, M. Lisa},
  year = {2016},
  month = apr,
  journal = {Phys. Rev. X},
  volume = {6},
  number = {2},
  pages = {021011},
  issn = {2160-3308},
  doi = {10.1103/PhysRevX.6.021011},
  langid = {english},
  file = {/Users/fergusmoore/Zotero/storage/5EPTVHHK/Bi et al. - 2016 - Motility-Driven Glass and Jamming Transitions in B.pdf;/Users/fergusmoore/Zotero/storage/GWXSZWWN/bi2016.pdf.pdf}
}

@article{bialke2012,
  title = {Crystallization in a {{Dense Suspension}} of {{Self-Propelled Particles}}},
  author = {Bialke, Julian and Speck, Thomas and Lowen, Hartmut},
  year = {2012},
  journal = {Phys. Rev. Lett.},
  pages = {5},
  doi = {10.1103/PhysRevLett.108.168301},
  langid = {english},
  file = {/Users/fergusmoore/Zotero/storage/9RN45DKK/Bialke et al. - 2012 - Crystallization in a Dense Suspension of Self-Prop.pdf}
}

@article{bialke2013,
  title = {Microscopic Theory for the Phase Separation of Self-Propelled Repulsive Disks},
  author = {Bialk{\'e}, Julian and L{\"o}wen, Hartmut and Speck, Thomas},
  year = {2013},
  month = aug,
  journal = {EPL},
  volume = {103},
  number = {3},
  pages = {30008},
  issn = {0295-5075, 1286-4854},
  doi = {10.1209/0295-5075/103/30008},
  langid = {english},
  file = {/Users/fergusmoore/Zotero/storage/YLQL3JGY/Bialké et al. - 2013 - Microscopic theory for the phase separation of sel.pdf}
}

@article{biroli2008,
  title = {Thermodynamic Signature of Growing Amorphous Order in Glass-Forming Liquids},
  author = {Biroli, G. and Bouchaud, J.-P. and Cavagna, A. and Grigera, T. S. and Verrocchio, P.},
  year = {2008},
  month = oct,
  journal = {Nature Phys},
  volume = {4},
  number = {10},
  pages = {771--775},
  publisher = {{Nature Publishing Group}},
  issn = {1745-2481},
  doi = {10.1038/nphys1050},
  langid = {english},
  keywords = {Atomic,Classical and Continuum Physics,Complex Systems,Condensed Matter Physics,general,Mathematical and Computational Physics,Molecular,Optical and Plasma Physics,Physics,Theoretical},
  file = {/Users/fergusmoore/Zotero/storage/GB4PJS8Q/Biroli et al. - 2008 - Thermodynamic signature of growing amorphous order.pdf;/Users/fergusmoore/Zotero/storage/BJHB3L6V/nphys1050.html}
}

@article{biroli2008a,
  title = {Thermodynamic Signature of Growing Amorphous Order in Glass-Forming Liquids},
  author = {Biroli, G. and Bouchaud, J.-P. and Cavagna, A. and Grigera, T. S. and Verrocchio, P.},
  year = {2008},
  month = oct,
  journal = {Nature Phys},
  volume = {4},
  number = {10},
  pages = {771--775},
  issn = {1745-2473, 1745-2481},
  doi = {10.1038/nphys1050},
  langid = {english},
  file = {/Users/fergusmoore/Zotero/storage/L82LB44F/Biroli et al. - 2008 - Thermodynamic signature of growing amorphous order.pdf}
}

@article{bogush1988,
  title = {Preparation of Monodisperse Silica Particles: {{Control}} of Size and Mass Fraction},
  shorttitle = {Preparation of Monodisperse Silica Particles},
  author = {Bogush, G.H. and Tracy, M.A. and Zukoski, C.F.},
  year = {1988},
  month = aug,
  journal = {Journal of Non-Crystalline Solids},
  volume = {104},
  number = {1},
  pages = {95--106},
  issn = {00223093},
  doi = {10.1016/0022-3093(88)90187-1},
  langid = {english},
  file = {/Users/fergus/Downloads/apm-tmp/1-s2.0-0022309388901871-main.pdf}
}

@article{bonilla2019,
  title = {Active {{Ornstein-Uhlenbeck}} Particles},
  author = {Bonilla, L. L.},
  year = {2019},
  month = aug,
  journal = {Phys. Rev. E},
  volume = {100},
  number = {2},
  pages = {022601},
  issn = {2470-0045, 2470-0053},
  doi = {10.1103/PhysRevE.100.022601},
  langid = {english},
  file = {/Users/fergusmoore/Zotero/storage/HLPUJAT4/10.1103@PhysRevE.100.022601.pdf.pdf;/Users/fergusmoore/Zotero/storage/SMRNDYQT/Bonilla - 2019 - Active Ornstein-Uhlenbeck particles.pdf}
}

@article{borba2020,
  title = {Controlling the Transport of Active Matter in Disordered Lattices of Asymmetrical Obstacles},
  author = {Borba, A. D. and Domingos, Jorge L. C. and Moraes, E. C. B. and Potiguar, F. Q. and Ferreira, W. P.},
  year = {2020},
  month = feb,
  journal = {Phys. Rev. E},
  volume = {101},
  number = {2},
  pages = {022601},
  issn = {2470-0045, 2470-0053},
  doi = {10.1103/PhysRevE.101.022601},
  langid = {english},
  file = {/Users/fergusmoore/Zotero/storage/FYSW6X6L/Borba et al. - 2020 - Controlling the transport of active matter in diso.pdf}
}

@article{bottinelli2016,
  title = {Emergent {{Structural Mechanisms}} for {{High-Density Collective Motion Inspired}} by {{Human Crowds}}},
  author = {Bottinelli, Arianna and Sumpter, David T. J. and Silverberg, Jesse L.},
  year = {2016},
  month = nov,
  journal = {Phys. Rev. Lett.},
  volume = {117},
  number = {22},
  pages = {228301},
  issn = {0031-9007, 1079-7114},
  doi = {10.1103/PhysRevLett.117.228301},
  langid = {english},
  file = {/Users/fergusmoore/Zotero/storage/B8RIRUTI/bottinelli2016.pdf.pdf;/Users/fergusmoore/Zotero/storage/IW4VHXZG/Bottinelli et al. - 2016 - Emergent Structural Mechanisms for High-Density Co.pdf}
}

@article{boublik1970,
  title = {Hard-{{Sphere Equation}} of {{State}}},
  author = {Boubl{\'i}k, Tom{\'a}{\v s}},
  year = {1970},
  month = jul,
  journal = {The Journal of Chemical Physics},
  volume = {53},
  number = {1},
  pages = {471--472},
  issn = {0021-9606, 1089-7690},
  doi = {10.1063/1.1673824},
  langid = {english},
  file = {/Users/fergusmoore/Zotero/storage/FQVA5ZGB/Boublík - 1970 - Hard‐Sphere Equation of State.pdf}
}

@article{brambilla2013,
  title = {Swarm Robotics: A Review from the Swarm Engineering Perspective},
  shorttitle = {Swarm Robotics},
  author = {Brambilla, Manuele and Ferrante, Eliseo and Birattari, Mauro and Dorigo, Marco},
  year = {2013},
  month = mar,
  journal = {Swarm Intell},
  volume = {7},
  number = {1},
  pages = {1--41},
  issn = {1935-3812, 1935-3820},
  doi = {10.1007/s11721-012-0075-2},
  langid = {english},
  file = {/Users/fergusmoore/Zotero/storage/K7GX5A6B/Brambilla et al. - 2013 - Swarm robotics a review from the swarm engineerin.pdf}
}

@article{breoni2020a,
  title = {Active {{Brownian}} and Inertial Particles in Disordered Environments: {{Short-time}} Expansion of the Mean-Square Displacement},
  shorttitle = {Active {{Brownian}} and Inertial Particles in Disordered Environments},
  author = {Breoni, Davide and Schmiedeberg, Michael and L{\"o}wen, Hartmut},
  year = {2020},
  month = dec,
  journal = {Phys. Rev. E},
  volume = {102},
  number = {6},
  pages = {062604},
  issn = {2470-0045, 2470-0053},
  doi = {10.1103/PhysRevE.102.062604},
  langid = {english},
  file = {/Users/fergusmoore/Zotero/storage/UKCDQQMN/Breoni et al. - 2020 - Active Brownian and inertial particles in disorder.pdf}
}

@article{briand2018,
  title = {Spontaneously {{Flowing Crystal}} of {{Self-Propelled Particles}}},
  author = {Briand, Guillaume and Schindler, Michael and Dauchot, Olivier},
  year = {2018},
  month = may,
  journal = {Phys. Rev. Lett.},
  volume = {120},
  number = {20},
  pages = {208001},
  issn = {0031-9007, 1079-7114},
  doi = {10.1103/PhysRevLett.120.208001},
  langid = {english},
  file = {/Users/fergusmoore/Zotero/storage/J7HJS5YW/Briand et al. - 2018 - Spontaneously Flowing Crystal of Self-Propelled Pa.pdf}
}

@article{briand2018a,
  title = {Spontaneously {{Flowing Crystal}} of {{Self-Propelled Particles}}},
  author = {Briand, Guillaume and Schindler, Michael and Dauchot, Olivier},
  year = {2018},
  month = may,
  journal = {Phys. Rev. Lett.},
  volume = {120},
  number = {20},
  pages = {208001},
  issn = {0031-9007, 1079-7114},
  doi = {10.1103/PhysRevLett.120.208001},
  langid = {english},
  file = {/Users/fergusmoore/Zotero/storage/DK59NBSW/briand2018.pdf.pdf;/Users/fergusmoore/Zotero/storage/GAFSLHC8/Briand et al. - 2018 - Spontaneously Flowing Crystal of Self-Propelled Pa.pdf}
}

@article{bricard2013,
  title = {Emergence of Macroscopic Directed Motion in Populations of Motile Colloids},
  author = {Bricard, Antoine and Caussin, Jean-Baptiste and Desreumaux, Nicolas and Dauchot, Olivier and Bartolo, Denis},
  year = {2013},
  month = nov,
  journal = {Nature},
  volume = {503},
  number = {7474},
  pages = {95--98},
  issn = {0028-0836, 1476-4687},
  doi = {10.1038/nature12673},
  langid = {english},
  file = {/Users/fergusmoore/Zotero/storage/QWCPELMU/Bricard et al. - 2013 - Emergence of macroscopic directed motion in popula.pdf}
}

@article{bricard2015,
  title = {Emergent Vortices in Populations of Colloidal Rollers},
  author = {Bricard, Antoine and Caussin, Jean-Baptiste and Das, Debasish and Savoie, Charles and Chikkadi, Vijayakumar and Shitara, Kyohei and Chepizhko, Oleksandr and Peruani, Fernando and Saintillan, David and Bartolo, Denis},
  year = {2015},
  month = nov,
  journal = {Nat Commun},
  volume = {6},
  number = {1},
  pages = {7470},
  issn = {2041-1723},
  doi = {10.1038/ncomms8470},
  langid = {english},
  file = {/Users/fergusmoore/Zotero/storage/579IKD6I/bricard2015.pdf.pdf;/Users/fergusmoore/Zotero/storage/PHJ9PW78/Bricard et al. - 2015 - Emergent vortices in populations of colloidal roll.pdf}
}

@article{brun-cosme-bruny2019,
  title = {Effective Diffusivity of Microswimmers in a Crowded Environment},
  author = {{Brun-Cosme-Bruny}, Marvin and Bertin, Eric and Coasne, Beno{\^i}t and Peyla, Philippe and Rafa{\"i}, Salima},
  year = {2019},
  month = mar,
  journal = {J. Chem. Phys.},
  volume = {150},
  number = {10},
  pages = {104901},
  issn = {0021-9606, 1089-7690},
  doi = {10.1063/1.5081507},
  langid = {english},
  file = {/Users/fergusmoore/Zotero/storage/UQZGPUH5/Brun-Cosme-Bruny et al. - 2019 - Effective diffusivity of microswimmers in a crowde.pdf}
}

@article{buttinoni2013,
  title = {Dynamical {{Clustering}} and {{Phase Separation}} in {{Suspensions}} of {{Self-Propelled Colloidal Particles}}},
  author = {Buttinoni, Ivo and Bialk{\'e}, Julian and K{\"u}mmel, Felix and L{\"o}wen, Hartmut and Bechinger, Clemens and Speck, Thomas},
  year = {2013},
  month = jun,
  journal = {Phys. Rev. Lett.},
  volume = {110},
  number = {23},
  pages = {238301},
  issn = {0031-9007, 1079-7114},
  doi = {10.1103/PhysRevLett.110.238301},
  langid = {english},
  file = {/Users/fergusmoore/Zotero/storage/NXNXLAZU/Buttinoni et al. - 2013 - Dynamical Clustering and Phase Separation in Suspe.pdf}
}

@article{cammarota2012,
  title = {Ideal Glass Transitions by Random Pinning},
  author = {Cammarota, Chiara and Biroli, Giulio},
  year = {2012},
  month = jun,
  journal = {Proc. Natl. Acad. Sci. U.S.A.},
  volume = {109},
  number = {23},
  pages = {8850--8855},
  issn = {0027-8424, 1091-6490},
  doi = {10.1073/pnas.1111582109},
  langid = {english},
  file = {/Users/fergusmoore/Zotero/storage/DTQCG7N9/Cammarota and Biroli - 2012 - Ideal glass transitions by random pinning.pdf}
}

@article{catalan2001,
  title = {Characterization of {{Binary Solvent Mixtures}} of {{DMSO}} with {{Water}} and {{Other Cosolvents}}},
  author = {Catal{\'a}n, J. and D{\'i}az, C. and {Garc{\'i}a-Blanco}, F.},
  year = {2001},
  month = aug,
  journal = {J. Org. Chem.},
  volume = {66},
  number = {17},
  pages = {5846--5852},
  issn = {0022-3263, 1520-6904},
  doi = {10.1021/jo010415i},
  langid = {english},
  file = {/Users/fergusmoore/Zotero/storage/HVGTVEBC/Catalán et al. - 2001 - Characterization of Binary Solvent Mixtures of DMS.pdf}
}

@article{cates1998,
  title = {Jamming, {{Force Chains}}, and {{Fragile Matter}}},
  author = {Cates, M. E. and Wittmer, J. P. and Bouchaud, J.-P. and Claudin, P.},
  year = {1998},
  month = aug,
  journal = {Phys. Rev. Lett.},
  volume = {81},
  number = {9},
  pages = {1841--1844},
  issn = {0031-9007, 1079-7114},
  doi = {10.1103/PhysRevLett.81.1841},
  langid = {english},
  file = {/Users/fergusmoore/Zotero/storage/7BLHKERA/Cates et al. - 1998 - Jamming, Force Chains, and Fragile Matter.pdf}
}

@article{cates2012,
  title = {Diffusive Transport without Detailed Balance in Motile Bacteria: Does Microbiology Need Statistical Physics?},
  shorttitle = {Diffusive Transport without Detailed Balance in Motile Bacteria},
  author = {Cates, M E},
  year = {2012},
  month = apr,
  journal = {Rep. Prog. Phys.},
  volume = {75},
  number = {4},
  pages = {042601},
  issn = {0034-4885, 1361-6633},
  doi = {10.1088/0034-4885/75/4/042601},
  langid = {english},
  file = {/Users/fergusmoore/Zotero/storage/B8NNR7J2/Cates - 2012 - Diffusive transport without detailed balance in mo.pdf}
}

@article{cates2013,
  title = {When Are Active {{Brownian}} Particles and Run-and-Tumble Particles Equivalent? {{Consequences}} for Motility-Induced Phase Separation},
  shorttitle = {When Are Active {{Brownian}} Particles and Run-and-Tumble Particles Equivalent?},
  author = {Cates, M. E. and Tailleur, J.},
  year = {2013},
  month = jan,
  journal = {EPL},
  volume = {101},
  number = {2},
  pages = {20010},
  issn = {0295-5075, 1286-4854},
  doi = {10.1209/0295-5075/101/20010},
  langid = {english},
  file = {/Users/fergusmoore/Zotero/storage/G8D9MFKB/Cates and Tailleur - 2013 - When are active Brownian particles and run-and-tum.pdf}
}

@article{cates2015,
  title = {Motility-{{Induced Phase Separation}}},
  author = {Cates, Michael E. and Tailleur, Julien},
  year = {2015},
  month = mar,
  journal = {Annu. Rev. Condens. Matter Phys.},
  volume = {6},
  number = {1},
  pages = {219--244},
  issn = {1947-5454, 1947-5462},
  doi = {10.1146/annurev-conmatphys-031214-014710},
  langid = {english},
  file = {/Users/fergusmoore/Zotero/storage/2XWIUGJ6/Cates and Tailleur - 2015 - Motility-Induced Phase Separation.pdf;/Users/fergusmoore/Zotero/storage/QFNDZ587/cates2015.pdf#view=FitH.pdf}
}

@article{cates2015a,
  title = {Motility-{{Induced Phase Separation}}},
  author = {Cates, Michael E. and Tailleur, Julien},
  year = {2015},
  journal = {Annual Review of Condensed Matter Physics},
  volume = {6},
  number = {1},
  pages = {219--244},
  doi = {10.1146/annurev-conmatphys-031214-014710},
  annotation = {\_eprint: https://doi.org/10.1146/annurev-conmatphys-031214-014710},
  file = {/Users/fergusmoore/Zotero/storage/S2KSK946/Cates and Tailleur - 2015 - Motility-Induced Phase Separation.pdf}
}

@article{caussin2014,
  title = {Emergent {{Spatial Structures}} in {{Flocking Models}}: {{A Dynamical System Insight}}},
  shorttitle = {Emergent {{Spatial Structures}} in {{Flocking Models}}},
  author = {Caussin, Jean-Baptiste and Solon, Alexandre and Peshkov, Anton and Chat{\'e}, Hugues and Dauxois, Thierry and Tailleur, Julien and Vitelli, Vincenzo and Bartolo, Denis},
  year = {2014},
  month = apr,
  journal = {Phys. Rev. Lett.},
  volume = {112},
  number = {14},
  pages = {148102},
  issn = {0031-9007, 1079-7114},
  doi = {10.1103/PhysRevLett.112.148102},
  langid = {english},
  file = {/Users/fergusmoore/Zotero/storage/F28CBTIQ/Caussin et al. - 2014 - Emergent Spatial Structures in Flocking Models A .pdf}
}

@article{cavagna2014,
  title = {Bird {{Flocks}} as {{Condensed Matter}}},
  author = {Cavagna, Andrea and Giardina, Irene},
  year = {2014},
  journal = {Annual Review of Condensed Matter Physics},
  volume = {5},
  number = {1},
  pages = {183--207},
  doi = {10.1146/annurev-conmatphys-031113-133834},
  file = {/Users/fergusmoore/Zotero/storage/L96Y5QXR/Cavagna, Giardina - 2014 - Bird Flocks as Condensed Matter.pdf}
}

@article{cavagna2014a,
  title = {Bird {{Flocks}} as {{Condensed Matter}}},
  author = {Cavagna, Andrea and Giardina, Irene},
  year = {2014},
  journal = {Annual Review of Condensed Matter Physics},
  volume = {5},
  number = {1},
  pages = {183--207},
  doi = {10.1146/annurev-conmatphys-031113-133834},
  annotation = {\_eprint: https://doi.org/10.1146/annurev-conmatphys-031113-133834},
  file = {/Users/fergusmoore/Zotero/storage/73YIPY46/Cavagna and Giardina - 2014 - Bird Flocks as Condensed Matter.pdf}
}

@article{chate2006,
  title = {Simple {{Model}} for {{Active Nematics}}: {{Quasi-Long-Range Order}} and {{Giant Fluctuations}}},
  shorttitle = {Simple {{Model}} for {{Active Nematics}}},
  author = {Chat{\'e}, Hugues and Ginelli, Francesco and Montagne, Ra{\'u}l},
  year = {2006},
  month = may,
  journal = {Phys. Rev. Lett.},
  volume = {96},
  number = {18},
  pages = {180602},
  issn = {0031-9007, 1079-7114},
  doi = {10.1103/PhysRevLett.96.180602},
  langid = {english},
  file = {/Users/fergusmoore/Zotero/storage/YE4ERSJD/Chaté et al. - 2006 - Simple Model for Active Nematics Quasi-Long-Range.pdf}
}

@article{chatterjee2021,
  title = {Inertia {{Drives}} a {{Flocking Phase Transition}} in {{Viscous Active Fluids}}},
  author = {Chatterjee, Rayan and Rana, Navdeep and Simha, R. Aditi and Perlekar, Prasad and Ramaswamy, Sriram},
  year = {2021},
  month = sep,
  journal = {Phys. Rev. X},
  volume = {11},
  number = {3},
  pages = {031063},
  issn = {2160-3308},
  doi = {10.1103/PhysRevX.11.031063},
  langid = {english},
  file = {/Users/fergusmoore/Zotero/storage/E495SMMK/Chatterjee et al. - 2021 - Inertia Drives a Flocking Phase Transition in Visc.pdf}
}

@article{chen1996,
  title = {Characteristic {{Aspects}} of {{Formation}} of {{New Particles}} during the {{Growth}} of {{Monosize Silica Seeds}}},
  author = {Chen, Sheng-Li and Dong, Peng and Yang, Guang-Hua and Yang, Jiu-Jin},
  year = {1996},
  month = jun,
  journal = {Journal of Colloid and Interface Science},
  volume = {180},
  number = {1},
  pages = {237--241},
  issn = {00219797},
  doi = {10.1006/jcis.1996.0295},
  langid = {english},
  file = {/Users/fergusmoore/Zotero/storage/36IJW3YK/Chen et al. - 1996 - Characteristic Aspects of Formation of New Particl.pdf}
}

@article{cheng2021,
  title = {Protein\textendash Polymer Mixtures in the Colloid Limit: {{Aggregation}}, Sedimentation, and Crystallization},
  shorttitle = {Protein\textendash Polymer Mixtures in the Colloid Limit},
  author = {Cheng, Rui and Li, Jingwen and {R{\'i}os de Anda}, Ioatzin and Taylor, Thomas W. C. and Faers, Malcolm A. and Anderson, J. L. Ross and Seddon, Annela M. and Royall, C. Patrick},
  year = {2021},
  month = sep,
  journal = {J. Chem. Phys.},
  volume = {155},
  number = {11},
  pages = {114901},
  issn = {0021-9606, 1089-7690},
  doi = {10.1063/5.0052122},
  langid = {english},
  file = {/Users/fergusmoore/Zotero/storage/NQUQZP8X/Cheng et al. - 2021 - Protein–polymer mixtures in the colloid limit Agg.pdf}
}

@article{chepizhko2013,
  title = {Diffusion, {{Subdiffusion}}, and {{Trapping}} of {{Active Particles}} in {{Heterogeneous Media}}},
  author = {Chepizhko, Oleksandr and Peruani, Fernando},
  year = {2013},
  month = oct,
  journal = {Phys. Rev. Lett.},
  volume = {111},
  number = {16},
  pages = {160604},
  issn = {0031-9007, 1079-7114},
  doi = {10.1103/PhysRevLett.111.160604},
  langid = {english},
  file = {/Users/fergusmoore/Zotero/storage/SE63YQGM/Chepizhko and Peruani - 2013 - Diffusion, Subdiffusion, and Trapping of Active Pa.pdf}
}

@article{chepizhko2019a,
  title = {Ideal Circle Microswimmers in Crowded Media},
  author = {Chepizhko, Oleksandr and Franosch, Thomas},
  year = {2019},
  journal = {Soft Matter},
  volume = {15},
  number = {3},
  pages = {452--461},
  publisher = {{Royal Society of Chemistry}},
  doi = {10.1039/C8SM02030B},
  langid = {english},
  file = {/Users/fergusmoore/Zotero/storage/J2QR6JMD/Chepizhko and Franosch - 2019 - Ideal circle microswimmers in crowded media.pdf;/Users/fergusmoore/Zotero/storage/AYS6EJY3/c8sm02030b.html}
}

@article{chou2008,
  title = {The Critical Conditions for Secondary Nucleation of Silica Colloids in a Batch {{St\"ober}} Growth Process},
  author = {Chou, Kan-Sen and Chen, Chen-Chih},
  year = {2008},
  month = sep,
  journal = {Ceramics International},
  volume = {34},
  number = {7},
  pages = {1623--1627},
  issn = {02728842},
  doi = {10.1016/j.ceramint.2007.07.009},
  langid = {english},
  file = {/Users/fergus/Downloads/apm-tmp/1-s2.0-S0272884207001563-main.pdf}
}

@article{coli2021,
  title = {Crystal Polymorph Selection Mechanism of Hard Spheres Hidden in the Fluid},
  author = {Coli, Gabriele M. and {van Damme}, Robin and Royall, C. Patrick and Dijkstra, Marjolein},
  year = {2021},
  month = aug,
  journal = {arXiv:2108.07583 [cond-mat]},
  eprint = {2108.07583},
  eprinttype = {arxiv},
  primaryclass = {cond-mat},
  archiveprefix = {arXiv},
  keywords = {Condensed Matter - Soft Condensed Matter},
  file = {/Users/fergusmoore/Zotero/storage/MIZSHKAJ/Coli et al. - 2021 - Crystal polymorph selection mechanism of hard sphe.pdf;/Users/fergusmoore/Zotero/storage/R3C95CQR/2108.html}
}

@article{colla2018,
  title = {Self-{{Assembly}} of {{Ionic Microgels Driven}} by an {{Alternating Electric Field}}: {{Theory}}, {{Simulations}}, and {{Experiments}}},
  author = {Colla, Thiago and Mohanty, Priti S and N{\"o}jd, Sofi and Bialik, Erik and Riede, Aaron and Schurtenberger, Peter and Likos, Christos N},
  year = {2018},
  journal = {ACS Nano},
  pages = {17},
  doi = {10.1021/acsnano.7b08843},
  langid = {english},
  file = {/Users/fergusmoore/Zotero/storage/GUH8FDMA/Colla et al. - 2018 - Self-Assembly of Ionic Microgels Driven by an Alte.pdf}
}

@article{crocker1996,
  title = {Methods of {{Digital Video Microscopy}} for {{Colloidal Studies}}},
  author = {Crocker, John C. and Grier, David G.},
  year = {1996},
  month = apr,
  journal = {Journal of Colloid and Interface Science},
  volume = {179},
  number = {1},
  pages = {298--310},
  issn = {00219797},
  doi = {10.1006/jcis.1996.0217},
  langid = {english},
  file = {/Users/fergusmoore/Zotero/storage/36PLIRYH/Crocker and Grier - 1996 - Methods of Digital Video Microscopy for Colloidal .pdf}
}

@article{crowther,
  title = {Structure and {{Lengthscales}} in {{Glassy Systems}}},
  author = {Crowther, Peter},
  pages = {139},
  langid = {english},
  keywords = {thesis},
  file = {/Users/fergusmoore/Zotero/storage/7X4DSKPE/Crowther - Structure and Lengthscales in Glassy Systems.pdf}
}

@article{daghighi2011,
  title = {{{3D}} Numerical Study of Induced-Charge Electrokinetic Motion of Heterogeneous Particle in a Microchannel},
  author = {Daghighi, Yasaman and Gao, Yandong and Li, Dongqing},
  year = {2011},
  month = apr,
  journal = {Electrochimica Acta},
  volume = {56},
  number = {11},
  pages = {4254--4262},
  issn = {00134686},
  doi = {10.1016/j.electacta.2011.01.083},
  langid = {english},
  file = {/Users/fergusmoore/Zotero/storage/7BDD9BUN/Daghighi et al. - 2011 - 3D numerical study of induced-charge electrokineti.pdf}
}

@article{das2019,
  title = {Local Stress and Pressure in an Inhomogeneous System of Spherical Active {{Brownian}} Particles},
  author = {Das, Shibananda and Gompper, Gerhard and Winkler, Roland G.},
  year = {2019},
  month = dec,
  journal = {Sci Rep},
  volume = {9},
  number = {1},
  pages = {6608},
  issn = {2045-2322},
  doi = {10.1038/s41598-019-43077-x},
  langid = {english},
  file = {/Users/fergusmoore/Zotero/storage/7RMWTARV/Das et al. - 2019 - Local stress and pressure in an inhomogeneous syst.pdf;/Users/fergusmoore/Zotero/storage/JHBQHGUK/10.1038@s41598-019-43077-x.pdf.pdf}
}

@article{dehkharghani2022,
  title = {Self-Transport of Swimming Bacteria Is Impaired by Porous Microstructure},
  author = {Dehkharghani, Amin and Waisbord, Nicolas and Guasto, Jeffrey S.},
  year = {2022},
  month = jan,
  journal = {arXiv:2201.03059 [cond-mat]},
  eprint = {2201.03059},
  eprinttype = {arxiv},
  primaryclass = {cond-mat},
  archiveprefix = {arXiv},
  keywords = {Condensed Matter - Soft Condensed Matter},
  file = {/Users/fergusmoore/Zotero/storage/SP98MIIP/Dehkharghani et al. - 2022 - Self-transport of swimming bacteria is impaired by.pdf;/Users/fergusmoore/Zotero/storage/HPPAQHJ3/2201.html}
}

@article{deseigne2010,
  title = {Collective {{Motion}} of {{Vibrated Polar Disks}}},
  author = {Deseigne, Julien and Dauchot, Olivier and Chat{\'e}, Hugues},
  year = {2010},
  month = aug,
  journal = {Phys. Rev. Lett.},
  volume = {105},
  number = {9},
  pages = {098001},
  issn = {0031-9007, 1079-7114},
  doi = {10.1103/PhysRevLett.105.098001},
  langid = {english},
  file = {/Users/fergusmoore/Zotero/storage/WLQYZ4ZV/Deseigne et al. - 2010 - Collective Motion of Vibrated Polar Disks.pdf}
}

@article{dettmann2014,
  title = {Diffusion in the {{Lorentz Gas}}},
  author = {Dettmann, Carl P.},
  year = {2014},
  month = oct,
  journal = {Commun. Theor. Phys.},
  volume = {62},
  number = {4},
  pages = {521--540},
  issn = {0253-6102},
  doi = {10.1088/0253-6102/62/4/10},
  langid = {english},
  file = {/Users/fergusmoore/Zotero/storage/AIP4WMMA/Dettmann - 2014 - Diffusion in the Lorentz Gas.pdf;/Users/fergusmoore/Zotero/storage/BXYDJXYP/dettmann2014.pdf.pdf}
}

@article{digregorio2018,
  title = {Full {{Phase Diagram}} of {{Active Brownian Disks}}: {{From Melting}} to {{Motility-Induced Phase Separation}}},
  shorttitle = {Full {{Phase Diagram}} of {{Active Brownian Disks}}},
  author = {Digregorio, Pasquale and Levis, Demian and Suma, Antonio and Cugliandolo, Leticia F. and Gonnella, Giuseppe and Pagonabarraga, Ignacio},
  year = {2018},
  month = aug,
  journal = {Phys. Rev. Lett.},
  volume = {121},
  number = {9},
  pages = {098003},
  publisher = {{American Physical Society}},
  doi = {10.1103/PhysRevLett.121.098003},
  file = {/Users/fergusmoore/Zotero/storage/FBXQZEQC/Digregorio et al. - 2018 - Full Phase Diagram of Active Brownian Disks From .pdf;/Users/fergusmoore/Zotero/storage/8SYRAZZR/PhysRevLett.121.html}
}

@article{digregorio2018a,
  title = {Full {{Phase Diagram}} of {{Active Brownian Disks}}: {{From Melting}} to {{Motility-Induced Phase Separation}}},
  shorttitle = {Full {{Phase Diagram}} of {{Active Brownian Disks}}},
  author = {Digregorio, Pasquale and Levis, Demian and Suma, Antonio and Cugliandolo, Leticia F. and Gonnella, Giuseppe and Pagonabarraga, Ignacio},
  year = {2018},
  month = aug,
  journal = {Phys. Rev. Lett.},
  volume = {121},
  number = {9},
  pages = {098003},
  issn = {0031-9007, 1079-7114},
  doi = {10.1103/PhysRevLett.121.098003},
  langid = {english},
  file = {/Users/fergusmoore/Zotero/storage/5MPSX859/digregorio2018.pdf.pdf;/Users/fergusmoore/Zotero/storage/BWRBC7I6/Digregorio et al. - 2018 - Full Phase Diagram of Active Brownian Disks From .pdf}
}

@article{dijkstra1999,
  title = {Phase Behaviour and Structure of Model Colloid-Polymer Mixtures},
  author = {Dijkstra, Marjolein and Brader, Joseph M and Evans, Robert},
  year = {1999},
  month = dec,
  journal = {J. Phys.: Condens. Matter},
  volume = {11},
  number = {50},
  pages = {10079--10106},
  issn = {0953-8984, 1361-648X},
  doi = {10.1088/0953-8984/11/50/304},
  langid = {english},
  file = {/Users/fergusmoore/Zotero/storage/P7VL5Y9E/Dijkstra et al. - 1999 - Phase behaviour and structure of model colloid-pol.pdf;/Users/fergusmoore/Zotero/storage/ZVAL3ILX/dijkstra1999.pdf.pdf}
}

@article{doostmohammadi2018,
  title = {Active Nematics},
  author = {Doostmohammadi, Amin and {Ign{\'e}s-Mullol}, Jordi and Yeomans, Julia M. and Sagu{\'e}s, Francesc},
  year = {2018},
  month = dec,
  journal = {Nat Commun},
  volume = {9},
  number = {1},
  pages = {3246},
  issn = {2041-1723},
  doi = {10.1038/s41467-018-05666-8},
  langid = {english},
  file = {/Users/fergusmoore/Zotero/storage/983YD636/Doostmohammadi et al. - 2018 - Active nematics.pdf;/Users/fergusmoore/Zotero/storage/PKMR327Z/70c8b040154ce263c5bf3233c43af0db.pdf.pdf}
}

@article{dor2021,
  title = {Disordered Boundaries Destroy Bulk Phase Separation in Scalar Active Matter},
  author = {Dor, Ydan Ben and Ro, Sunghan and Kafri, Yariv and Kardar, Mehran and Tailleur, Julien},
  year = {2021},
  month = nov,
  journal = {arXiv:2108.13409 [cond-mat]},
  eprint = {2108.13409},
  eprinttype = {arxiv},
  primaryclass = {cond-mat},
  archiveprefix = {arXiv},
  keywords = {Condensed Matter - Soft Condensed Matter,Condensed Matter - Statistical Mechanics},
  file = {/Users/fergusmoore/Zotero/storage/RG2GMFK2/Dor et al. - 2021 - Disordered boundaries destroy bulk phase separatio.pdf;/Users/fergusmoore/Zotero/storage/77AF5BLV/2108.html}
}

@article{dougan2016,
  title = {Controlling Local Order of Athermal Self-Propelled Particles},
  author = {Dougan, Niamh and Crowther, Peter and Royall, C Patrick and Turci, Francesco},
  year = {2016},
  journal = {Journal of Statistical Mechanics: Theory and Experiment},
  pages = {12},
  doi = {10.1088/1742-5468/aa4e5b},
  langid = {english},
  file = {/Users/fergusmoore/Zotero/storage/Z4VKEJN9/Dougan et al. - 2016 - Controlling local order of athermal self-propelled.pdf}
}

@article{doye1995,
  title = {The Effect of the Range of the Potential on the Structures of Clusters},
  author = {Doye, Jonathan P. K. and Wales, David J. and Berry, R. Stephen},
  year = {1995},
  month = sep,
  journal = {The Journal of Chemical Physics},
  volume = {103},
  number = {10},
  pages = {4234--4249},
  issn = {0021-9606, 1089-7690},
  doi = {10.1063/1.470729},
  langid = {english},
  file = {/Users/fergusmoore/Zotero/storage/BQ547XYE/Doye et al. - 1995 - The effect of the range of the potential on the st.pdf}
}

@article{dukhin1980,
  title = {Kinetic Aspects of Electrochemistry of Disperse Systems. {{Part II}}. {{Induced}} Dipole Moment and the Non-Equilibrium Double Layer of a Colloid Particle},
  author = {Dukhin, S.S. and Shilov, V.N.},
  year = {1980},
  month = apr,
  journal = {Advances in Colloid and Interface Science},
  volume = {13},
  number = {1-2},
  pages = {153--195},
  issn = {00018686},
  doi = {10.1016/0001-8686(80)87005-9},
  langid = {english},
  file = {/Users/fergusmoore/Zotero/storage/9AN6U42S/Dukhin and Shilov - 1980 - Kinetic aspects of electrochemistry of disperse sy.pdf}
}

@article{ebbens2016,
  title = {Active Colloids: {{Progress}} and Challenges towards Realising Autonomous Applications},
  shorttitle = {Active Colloids},
  author = {Ebbens, S.J.},
  year = {2016},
  month = feb,
  journal = {Current Opinion in Colloid \& Interface Science},
  volume = {21},
  pages = {14--23},
  issn = {13590294},
  doi = {10.1016/j.cocis.2015.10.003},
  langid = {english},
  file = {/Users/fergusmoore/Zotero/storage/UQVHUGN7/Ebbens - 2016 - Active colloids Progress and challenges towards r.pdf}
}

@article{elgeti2013,
  title = {Wall Accumulation of Self-Propelled Spheres},
  author = {Elgeti, Jens and Gompper, Gerhard},
  year = {2013},
  month = feb,
  journal = {EPL},
  volume = {101},
  number = {4},
  pages = {48003},
  issn = {0295-5075, 1286-4854},
  doi = {10.1209/0295-5075/101/48003},
  langid = {english},
  file = {/Users/fergusmoore/Zotero/storage/ZLU9NTXR/Elgeti and Gompper - 2013 - Wall accumulation of self-propelled spheres.pdf}
}

@article{elgeti2015,
  title = {Physics of Microswimmers - {{Single}} Particle Motion and Collective Behavior: {{A}} Review},
  author = {Elgeti, J. and Winkler, R. G. and Gompper, G.},
  year = {2015},
  journal = {Rep. Prog. Phys.},
  volume = {78},
  number = {5},
  publisher = {{IOP Publishing}},
  issn = {0034-4885},
  doi = {10.1088/0034-4885/78/5/056601},
  keywords = {collective motion,flagella,hydrodynamics,microswimmers,self-propelled particles,swarming},
  file = {/Users/fergusmoore/Zotero/storage/GAINKRW5/Elgeti_2015_Rep._Prog._Phys._78_056601.pdf;/Users/fergusmoore/Zotero/storage/J75YMAIC/elgeti2015.pdf#view=FitH.pdf}
}

@article{espinosa2016,
  title = {On the Time Required to Freeze Water},
  author = {Espinosa, J. R. and Navarro, C. and Sanz, E. and Valeriani, C. and Vega, C.},
  year = {2016},
  month = dec,
  journal = {The Journal of Chemical Physics},
  volume = {145},
  number = {21},
  pages = {211922},
  issn = {0021-9606, 1089-7690},
  doi = {10.1063/1.4965427},
  langid = {english},
  file = {/Users/fergusmoore/Zotero/storage/UKR9LBWX/Espinosa et al. - 2016 - On the time required to freeze water.pdf}
}

@article{espinosa2019,
  title = {Heterogeneous versus Homogeneous Crystal Nucleation of Hard Spheres},
  author = {Espinosa, Jorge R},
  year = {2019},
  journal = {Soft Matter},
  pages = {8},
  doi = {10.1039/C9SM01142K},
  langid = {english},
  file = {/Users/fergusmoore/Zotero/storage/NRVDMGP6/Espinosa - 2019 - Heterogeneous versus homogeneous crystal nucleatio.pdf}
}

@article{filion2011,
  title = {Simulation of Nucleation in Almost Hard-Sphere Colloids: {{The}} Discrepancy between Experiment and Simulation Persists},
  shorttitle = {Simulation of Nucleation in Almost Hard-Sphere Colloids},
  author = {Filion, L. and Ni, R. and Frenkel, D. and Dijkstra, M.},
  year = {2011},
  month = apr,
  journal = {The Journal of Chemical Physics},
  volume = {134},
  number = {13},
  pages = {134901},
  issn = {0021-9606, 1089-7690},
  doi = {10.1063/1.3572059},
  langid = {english},
  file = {/Users/fergusmoore/Zotero/storage/8DYXY4VP/Filion et al. - 2011 - Simulation of nucleation in almost hard-sphere col.pdf}
}

@article{fily2012,
  title = {Athermal {{Phase Separation}} of {{Self-Propelled Particles}} with {{No Alignment}}},
  author = {Fily, Yaouen and Marchetti, M. Cristina},
  year = {2012},
  month = jun,
  journal = {Phys. Rev. Lett.},
  volume = {108},
  number = {23},
  pages = {235702},
  issn = {0031-9007, 1079-7114},
  doi = {10.1103/PhysRevLett.108.235702},
  langid = {english},
  file = {/Users/fergusmoore/Zotero/storage/SGTLDL9I/Fily and Marchetti - 2012 - Athermal Phase Separation of Self-Propelled Partic.pdf}
}

@article{fily2014,
  title = {Freezing and Phase Separation of Self-Propelled Disks},
  author = {Fily, Yaouen and Henkes, Silke and Marchetti, M. Cristina},
  year = {2014},
  journal = {Soft Matter},
  volume = {10},
  number = {13},
  pages = {2132--2140},
  issn = {1744-683X, 1744-6848},
  doi = {10.1039/C3SM52469H},
  langid = {english},
  file = {/Users/fergusmoore/Zotero/storage/U6VT5ZBL/Fily et al. - 2014 - Freezing and phase separation of self-propelled di.pdf}
}

@article{fiorucci2020,
  title = {The Effect of Hydrodynamics on the Crystal Nucleation of Nearly Hard Spheres},
  author = {Fiorucci, Giulia and Coli, Gabriele M. and Padding, Johan T. and Dijkstra, Marjolein},
  year = {2020},
  month = feb,
  journal = {J. Chem. Phys.},
  volume = {152},
  number = {6},
  pages = {064903},
  publisher = {{American Institute of Physics}},
  issn = {0021-9606},
  doi = {10.1063/1.5137815},
  file = {/Users/fergusmoore/Zotero/storage/XPCCFNH5/Fiorucci et al. - 2020 - The effect of hydrodynamics on the crystal nucleat.pdf;/Users/fergusmoore/Zotero/storage/DQDCVRIX/1.html}
}

@article{flenner2010,
  title = {Dynamic {{Heterogeneity}} in a {{Glass Forming Fluid}}: {{Susceptibility}}, {{Structure Factor}}, and {{Correlation Length}}},
  shorttitle = {Dynamic {{Heterogeneity}} in a {{Glass Forming Fluid}}},
  author = {Flenner, Elijah and Szamel, Grzegorz},
  year = {2010},
  month = nov,
  journal = {Phys. Rev. Lett.},
  volume = {105},
  number = {21},
  pages = {217801},
  issn = {0031-9007, 1079-7114},
  doi = {10.1103/PhysRevLett.105.217801},
  langid = {english},
  file = {/Users/fergusmoore/Zotero/storage/8BQGLL65/Flenner and Szamel - 2010 - Dynamic Heterogeneity in a Glass Forming Fluid Su.pdf}
}

@article{fodor2016,
  title = {How {{Far}} from {{Equilibrium Is Active Matter}}?},
  author = {Fodor, {\'E}tienne and Nardini, Cesare and Cates, Michael E. and Tailleur, Julien and Visco, Paolo and {vanWijland}, Fr{\'e}d{\'e}ric},
  options = {useprefix=true},
  year = {2016},
  month = jul,
  journal = {Phys. Rev. Lett.},
  volume = {117},
  number = {3},
  pages = {038103},
  publisher = {{American Physical Society}},
  doi = {10.1103/PhysRevLett.117.038103},
  file = {/Users/fergusmoore/Zotero/storage/EKLU63BH/Fodor et al. - 2016 - How Far from Equilibrium Is Active Matter.pdf;/Users/fergusmoore/Zotero/storage/S2WSF6WX/PhysRevLett.117.html}
}

@article{fodor2016a,
  title = {How {{Far}} from {{Equilibrium Is Active Matter}}?},
  author = {Fodor, {\'E}tienne and Nardini, Cesare and Cates, Michael E. and Tailleur, Julien and Visco, Paolo and {van Wijland}, Fr{\'e}d{\'e}ric},
  year = {2016},
  month = jul,
  journal = {Phys. Rev. Lett.},
  volume = {117},
  number = {3},
  pages = {038103},
  issn = {0031-9007, 1079-7114},
  doi = {10.1103/PhysRevLett.117.038103},
  langid = {english},
  file = {/Users/fergusmoore/Zotero/storage/HBNEUNXP/Fodor et al. - 2016 - How Far from Equilibrium Is Active Matter.pdf}
}

@article{fodor2016b,
  title = {How {{Far}} from {{Equilibrium Is Active Matter}}?},
  author = {Fodor, {\'E}tienne and Nardini, Cesare and Cates, Michael E. and Tailleur, Julien and Visco, Paolo and {van Wijland}, Fr{\'e}d{\'e}ric},
  year = {2016},
  month = jul,
  journal = {Phys. Rev. Lett.},
  volume = {117},
  number = {3},
  pages = {038103},
  issn = {0031-9007, 1079-7114},
  doi = {10.1103/PhysRevLett.117.038103},
  langid = {english},
  file = {/Users/fergusmoore/Zotero/storage/ZN8MPRLN/Fodor et al. - 2016 - How Far from Equilibrium Is Active Matter.pdf}
}

@article{gangwal2008,
  title = {Induced-{{Charge Electrophoresis}} of {{Metallodielectric Particles}}},
  author = {Gangwal, Sumit and Cayre, Olivier J and Bazant, Martin Z and Velev, Orlin D},
  year = {2008},
  month = feb,
  journal = {Physical Review Letters},
  volume = {100},
  number = {5},
  pages = {058302--058302},
  doi = {10.1103/PhysRevLett.100.058302},
  file = {/Users/fergusmoore/Zotero/storage/G75JGXYA/PhysRevLett.100.058302.pdf}
}

@article{gangwal2008b,
  title = {Induced-{{Charge Electrophoresis}} of {{Metallodielectric Particles}}},
  author = {Gangwal, Sumit and Cayre, Olivier J and Bazant, Martin Z and Velev, Orlin D},
  year = {2008},
  journal = {PHYSICAL REVIEW LETTERS},
  pages = {4},
  langid = {english},
  file = {/Users/fergusmoore/Zotero/storage/EXXBNEM7/Gangwal et al. - 2008 - Induced-Charge Electrophoresis of Metallodielectri.pdf}
}

@article{gannon1991,
  title = {Bacterial Transport through Homogeneous Soil},
  author = {Gannon, J.T. and Mingelgrin, U. and Alexander, M. and Wagenet, R.J.},
  year = {1991},
  month = jan,
  journal = {Soil Biology and Biochemistry},
  volume = {23},
  number = {12},
  pages = {1155--1160},
  issn = {00380717},
  doi = {10.1016/0038-0717(91)90028-I},
  langid = {english},
  file = {/Users/fergusmoore/Zotero/storage/6L4EMWBI/Gannon et al. - 1991 - Bacterial transport through homogeneous soil.pdf}
}

@article{gast1983,
  title = {Polymer-Induced Phase Separations in Nonaqueous Colloidal Suspensions},
  author = {Gast, A.P and Hall, C.K and Russel, W.B},
  year = {1983},
  month = nov,
  journal = {Journal of Colloid and Interface Science},
  volume = {96},
  number = {1},
  pages = {251--267},
  issn = {00219797},
  doi = {10.1016/0021-9797(83)90027-9},
  langid = {english},
  file = {/Users/fergusmoore/Downloads/gast1983.pdf}
}

@article{gautrais2009,
  title = {Analyzing Fish Movement as a Persistent Turning Walker},
  author = {Gautrais, Jacques and Jost, Christian and Soria, Marc and Campo, Alexandre and Motsch, S{\'e}bastien and Fournier, Richard and Blanco, St{\'e}phane and Theraulaz, Guy},
  year = {2009},
  month = mar,
  journal = {J. Math. Biol.},
  volume = {58},
  number = {3},
  pages = {429--445},
  issn = {0303-6812, 1432-1416},
  doi = {10.1007/s00285-008-0198-7},
  langid = {english},
  file = {/Users/fergusmoore/Zotero/storage/WT8A5DCU/Gautrais et al. - 2009 - Analyzing fish movement as a persistent turning wa.pdf}
}

@article{geyer2019,
  title = {Freezing a {{Flock}}: {{Motility-Induced Phase Separation}} in {{Polar Active Liquids}}},
  shorttitle = {Freezing a {{Flock}}},
  author = {Geyer, Delphine and Martin, David and Tailleur, Julien and Bartolo, Denis},
  year = {2019},
  month = sep,
  journal = {Phys. Rev. X},
  volume = {9},
  number = {3},
  pages = {031043},
  issn = {2160-3308},
  doi = {10.1103/PhysRevX.9.031043},
  langid = {english},
  file = {/Users/fergusmoore/Zotero/storage/ANKS2J7I/Geyer et al. - 2019 - Freezing a Flock Motility-Induced Phase Separatio.pdf}
}

@article{ginelli2010,
  title = {Large-{{Scale Collective Properties}} of {{Self-Propelled Rods}}},
  author = {Ginelli, Francesco and Peruani, Fernando and B{\"a}r, Markus and Chat{\'e}, Hugues},
  year = {2010},
  month = may,
  journal = {Phys. Rev. Lett.},
  volume = {104},
  number = {18},
  pages = {184502},
  issn = {0031-9007, 1079-7114},
  doi = {10.1103/PhysRevLett.104.184502},
  langid = {english},
  file = {/Users/fergusmoore/Zotero/storage/R7P3NJQ8/Ginelli et al. - 2010 - Large-Scale Collective Properties of Self-Propelle.pdf}
}

@article{giomi2015,
  title = {Geometry and {{Topology}} of {{Turbulence}} in {{Active Nematics}}},
  author = {Giomi, Luca},
  year = {2015},
  month = jul,
  journal = {Phys. Rev. X},
  volume = {5},
  number = {3},
  pages = {031003},
  issn = {2160-3308},
  doi = {10.1103/PhysRevX.5.031003},
  langid = {english},
  file = {/Users/fergusmoore/Zotero/storage/5Z8INC4R/giomi2015.pdf.pdf;/Users/fergusmoore/Zotero/storage/MMTF3VBK/Giomi - 2015 - Geometry and Topology of Turbulence in Active Nema.pdf}
}

@article{gokhale2014a,
  title = {Growing Dynamical Facilitation on Approaching the Random Pinning Colloidal Glass Transition},
  author = {Gokhale, Shreyas and Hima Nagamanasa, K. and Ganapathy, Rajesh and Sood, A. K.},
  year = {2014},
  month = dec,
  journal = {Nat Commun},
  volume = {5},
  number = {1},
  pages = {4685},
  issn = {2041-1723},
  doi = {10.1038/ncomms5685},
  langid = {english},
  file = {/Users/fergusmoore/Zotero/storage/993MI6Y8/Gokhale et al. - 2014 - Growing dynamical facilitation on approaching the .pdf}
}

@article{gokhale2016,
  title = {Deconstructing the Glass Transition through Critical Experiments on Colloids},
  author = {Gokhale, Shreyas and Sood, A.K. and Ganapathy, Rajesh},
  year = {2016},
  month = jul,
  journal = {Advances in Physics},
  volume = {65},
  number = {4},
  pages = {363--452},
  issn = {0001-8732, 1460-6976},
  doi = {10.1080/00018732.2016.1200832},
  langid = {english},
  file = {/Users/fergusmoore/Zotero/storage/H8JQY24R/Gokhale et al. - 2016 - Deconstructing the glass transition through critic.pdf}
}

@article{graf2003,
  title = {A {{General Method To Coat Colloidal Particles}} with {{Silica}}},
  author = {Graf, Christina and Vossen, Dirk L. J. and Imhof, Arnout and {van Blaaderen}, Alfons},
  year = {2003},
  month = aug,
  journal = {Langmuir},
  volume = {19},
  number = {17},
  pages = {6693--6700},
  issn = {9789589826300},
  doi = {10.1021/la0347859},
  file = {/Users/fergusmoore/Zotero/storage/NRC8AJKS/la0347859.pdf}
}

@article{gregoire2004,
  title = {Onset of {{Collective}} and {{Cohesive Motion}}},
  author = {Gr{\'e}goire, Guillaume and Chat{\'e}, Hugues},
  year = {2004},
  month = jan,
  journal = {Phys. Rev. Lett.},
  volume = {92},
  number = {2},
  pages = {025702},
  publisher = {{American Physical Society}},
  doi = {10.1103/PhysRevLett.92.025702},
  file = {/Users/fergusmoore/Zotero/storage/DBAUXKNG/Grégoire and Chaté - 2004 - Onset of Collective and Cohesive Motion.pdf;/Users/fergusmoore/Zotero/storage/R2JELQLC/PhysRevLett.92.html}
}

@article{hagan2016,
  title = {Emergent Self-Organization in Active Materials},
  author = {Hagan, Michael F and Baskaran, Aparna},
  year = {2016},
  month = feb,
  journal = {Current Opinion in Cell Biology},
  series = {Cell Architecture},
  volume = {38},
  pages = {74--80},
  issn = {0955-0674},
  doi = {10.1016/j.ceb.2016.02.020},
  langid = {english},
  file = {/Users/fergusmoore/Zotero/storage/5ULURS8P/Hagan and Baskaran - 2016 - Emergent self-organization in active materials.pdf;/Users/fergusmoore/Zotero/storage/KEB45CGN/S0955067416300278.html}
}

@article{hallett2018,
  title = {Local Structure in Deeply Supercooled Liquids Exhibits Growing Lengthscales and Dynamical Correlations},
  author = {Hallett, James E. and Turci, Francesco and Royall, C. Patrick},
  year = {2018},
  month = dec,
  journal = {Nat Commun},
  volume = {9},
  number = {1},
  pages = {3272},
  issn = {2041-1723},
  doi = {10.1038/s41467-018-05371-6},
  langid = {english},
  file = {/Users/fergusmoore/Zotero/storage/BIM33EUS/Hallett et al. - 2018 - Local structure in deeply supercooled liquids exhi.pdf}
}

@incollection{hansen2006,
  title = {Chapter 7 - {{Time-dependent Correlation}} and {{Response Functions}}},
  booktitle = {Theory of {{Simple Liquids}} ({{Third Edition}})},
  author = {Hansen, Jean-Pierre and McDonald, Ian R.},
  editor = {Hansen, Jean-Pierre and McDonald, Ian R.},
  year = {2006},
  month = jan,
  pages = {178--218},
  publisher = {{Academic Press}},
  address = {{Burlington}},
  doi = {10.1016/B978-012370535-8/50009-4},
  isbn = {978-0-12-370535-8},
  langid = {english},
  file = {/Users/fergusmoore/Zotero/storage/NCPJ6J8X/B9780123705358500094.html}
}

@article{heitkam2012,
  title = {Packing {{Spheres Tightly}}: {{Influence}} of {{Mechanical Stability}} on {{Close-Packed Sphere Structures}}},
  shorttitle = {Packing {{Spheres Tightly}}},
  author = {Heitkam, S. and Drenckhan, W. and Fr{\"o}hlich, J.},
  year = {2012},
  month = apr,
  journal = {Phys. Rev. Lett.},
  volume = {108},
  number = {14},
  pages = {148302},
  issn = {0031-9007, 1079-7114},
  doi = {10.1103/PhysRevLett.108.148302},
  langid = {english},
  file = {/Users/fergusmoore/Zotero/storage/XXLEWW67/Heitkam et al. - 2012 - Packing Spheres Tightly Influence of Mechanical S.pdf}
}

@article{henkes2020,
  title = {Dense Active Matter Model of Motion Patterns in Confluent Cell Monolayers},
  author = {Henkes, Silke and Kostanjevec, Kaja and Collinson, J. Martin and Sknepnek, Rastko and Bertin, Eric},
  year = {2020},
  month = dec,
  journal = {Nat Commun},
  volume = {11},
  number = {1},
  pages = {1405},
  issn = {2041-1723},
  doi = {10.1038/s41467-020-15164-5},
  langid = {english},
  file = {/Users/fergusmoore/Zotero/storage/Q2Y7XSA3/Henkes et al. - 2020 - Dense active matter model of motion patterns in co.pdf;/Users/fergusmoore/Zotero/storage/WQB26U2X/10.1038@s41467-020-15164-5.pdf#view=FitH.pdf}
}

@article{hofling2013,
  title = {Anomalous Transport in the Crowded World of Biological Cells},
  author = {H{\"o}fling, Felix and Franosch, Thomas},
  year = {2013},
  month = apr,
  journal = {Rep. Prog. Phys.},
  volume = {76},
  number = {4},
  pages = {046602},
  issn = {0034-4885, 1361-6633},
  doi = {10.1088/0034-4885/76/4/046602},
  langid = {english},
  file = {/Users/fergusmoore/Zotero/storage/TTM3BS69/Höfling and Franosch - 2013 - Anomalous transport in the crowded world of biolog.pdf}
}

@article{hoover1968,
  title = {Melting {{Transition}} and {{Communal Entropy}} for {{Hard Spheres}}},
  author = {Hoover, William G. and Ree, Francis H.},
  year = {1968},
  month = oct,
  journal = {The Journal of Chemical Physics},
  volume = {49},
  number = {8},
  pages = {3609--3617},
  issn = {0021-9606, 1089-7690},
  doi = {10.1063/1.1670641},
  langid = {english},
  file = {/Users/fergusmoore/Zotero/storage/NM74XVKY/Hoover and Ree - 1968 - Melting Transition and Communal Entropy for Hard S.pdf}
}

@article{howse2007,
  title = {Self-{{Motile Colloidal Particles}}: {{From Directed Propulsion}} to {{Random Walk}}},
  author = {Howse, Jonathan R. and Jones, Richard A.L. and Ryan, Anthony J. and Gough, Tim and Vafabakhsh, Reza and Golestanian, Ramin},
  year = {2007},
  journal = {Physical Review Letters},
  volume = {99},
  number = {4},
  pages = {8--11},
  issn = {0031-9007 (Print)\textbackslash r0031-9007 (Linking)},
  doi = {10.1103/PhysRevLett.99.048102},
  file = {/Users/fergusmoore/Zotero/storage/SY2TLZ5U/Howse et al. - 2007 - Self-Motile Colloidal Particles From Directed Propulsion to Random Walk.pdf}
}

@article{huber2018,
  title = {Emergence of Coexisting Ordered States in Active Matter Systems},
  author = {Huber, L. and Suzuki, R. and Kr{\"u}ger, T. and Frey, E. and Bausch, A. R.},
  year = {2018},
  month = jul,
  journal = {Science},
  volume = {361},
  number = {6399},
  pages = {255--258},
  issn = {0036-8075, 1095-9203},
  doi = {10.1126/science.aao5434},
  langid = {english},
  file = {/Users/fergusmoore/Zotero/storage/4RWZ9LJI/huber2018.pdf.pdf;/Users/fergusmoore/Zotero/storage/AURZL7AS/Huber et al. - 2018 - Emergence of coexisting ordered states in active m.pdf}
}

@article{hutmacher2000,
  title = {Sca!Olds in Tissue Engineering Bone and Cartilage},
  author = {Hutmacher, Dietmar W},
  year = {2000},
  pages = {15},
  langid = {english},
  file = {/Users/fergusmoore/Zotero/storage/Y57B7ASA/Hutmacher - 2000 - Sca!olds in tissue engineering bone and cartilage.pdf}
}

@article{hynninen2005,
  title = {Phase {{Diagram}} of {{Dipolar Hard}} and {{Soft Spheres}}: {{Manipulation}} of {{Colloidal Crystal Structures}} by an {{External Field}}},
  shorttitle = {Phase {{Diagram}} of {{Dipolar Hard}} and {{Soft Spheres}}},
  author = {Hynninen, Antti-Pekka and Dijkstra, Marjolein},
  year = {2005},
  month = apr,
  journal = {Phys. Rev. Lett.},
  volume = {94},
  number = {13},
  pages = {138303},
  issn = {0031-9007, 1079-7114},
  doi = {10.1103/PhysRevLett.94.138303},
  langid = {english},
  file = {/Users/fergusmoore/Zotero/storage/QJUWNDT5/Hynninen and Dijkstra - 2005 - Phase Diagram of Dipolar Hard and Soft Spheres Ma.pdf}
}

@article{irani2022,
  title = {Dynamics of {{Bacteria Scanning}} a {{Porous Environment}}},
  author = {Irani, Ehsan and Mokhtari, Zahra and Zippelius, Annette},
  year = {2022},
  month = apr,
  journal = {Phys. Rev. Lett.},
  volume = {128},
  number = {14},
  pages = {144501},
  issn = {0031-9007, 1079-7114},
  doi = {10.1103/PhysRevLett.128.144501},
  langid = {english},
  file = {/Users/fergusmoore/Zotero/storage/CU6X5ZYX/Irani et al. - 2022 - Dynamics of Bacteria Scanning a Porous Environment.pdf}
}

@article{isermann2017,
  title = {Consequences of a Tight Squeeze: {{Nuclear}} Envelope Rupture and Repair},
  shorttitle = {Consequences of a Tight Squeeze},
  author = {Isermann, Philipp and Lammerding, Jan},
  year = {2017},
  month = may,
  journal = {Nucleus},
  volume = {8},
  number = {3},
  pages = {268--274},
  publisher = {{Taylor \& Francis}},
  issn = {1949-1034},
  doi = {10.1080/19491034.2017.1292191},
  pmid = {28287898},
  keywords = {confined migration,DNA damage,ESCRT,lamina,nuclear envelope rupture},
  annotation = {\_eprint: https://doi.org/10.1080/19491034.2017.1292191},
  file = {/Users/fergusmoore/Zotero/storage/H8699PRN/Isermann and Lammerding - 2017 - Consequences of a tight squeeze Nuclear envelope .pdf;/Users/fergusmoore/Zotero/storage/E88S36NL/19491034.2017.html}
}

@book{ivlev2012,
  title = {Complex {{Plasmas And Colloidal Dispersions}}: {{Particle-resolved Studies Of Classical Liquids And Solids}}},
  shorttitle = {Complex {{Plasmas And Colloidal Dispersions}}},
  author = {Ivlev, Alexei and Morfill, Gregor and Lowen, Hartmut and Royall, C. Patrick},
  year = {2012},
  month = may,
  publisher = {{World Scientific Publishing Company}},
  googlebooks = {H5JIDQAAQBAJ},
  isbn = {978-981-310-816-5},
  langid = {english},
  keywords = {Science / Physics / Condensed Matter,Science / Physics / General,Science / Reference}
}

@article{janssen2019,
  title = {Active Glasses},
  author = {Janssen, Liesbeth M C},
  year = {2019},
  month = dec,
  journal = {J. Phys.: Condens. Matter},
  volume = {31},
  number = {50},
  pages = {503002},
  publisher = {{IOP Publishing}},
  issn = {0953-8984, 1361-648X},
  doi = {10.1088/1361-648X/ab3e90},
  langid = {english},
  file = {/Users/fergusmoore/Zotero/storage/759QJLK8/Janssen - 2019 - Active glasses.pdf;/Users/fergusmoore/Zotero/storage/D6G7HI8F/Janssen - 2019 - Active glasses.pdf}
}

@article{jeong2010,
  title = {Fast and {{Scalable Printing}} of {{Large Area Monolayer Nanoparticles}} for {{Nanotexturing Applications}}},
  author = {Jeong, Sangmoo and Hu, Liangbing and Lee, Hye Ryoung and Garnett, Erik and Choi, Jang Wook and Cui, Yi},
  year = {2010},
  month = aug,
  journal = {Nano Lett.},
  volume = {10},
  number = {8},
  pages = {2989--2994},
  issn = {1530-6984, 1530-6992},
  doi = {10.1021/nl101432r},
  langid = {english},
  file = {/Users/fergus/Downloads/apm-tmp/Fast and Scalable Printing of Large Area Monolayer Nanoparticles for Nanotexturing Applications  [1].pdf}
}

@article{jepson2013,
  title = {Enhanced Diffusion of Nonswimmers in a Three-Dimensional Bath of Motile Bacteria},
  author = {Jepson, Alys and Martinez, Vincent A. and {Schwarz-Linek}, Jana and Morozov, Alexander and Poon, Wilson C. K.},
  year = {2013},
  month = oct,
  journal = {Phys. Rev. E},
  volume = {88},
  number = {4},
  pages = {041002},
  issn = {1539-3755, 1550-2376},
  doi = {10.1103/PhysRevE.88.041002},
  langid = {english},
  file = {/Users/fergusmoore/Zotero/storage/ZMHEP32D/Jepson et al. - 2013 - Enhanced diffusion of nonswimmers in a three-dimen.pdf}
}

@article{karmakar2013,
  title = {Random Pinning Glass Model},
  author = {Karmakar, Smarajit and Parisi, Giorgio},
  year = {2013},
  journal = {Proc. Natl. Acad. Sci. U. S. A.},
  volume = {110},
  number = {8},
  pages = {2752--2757},
  doi = {10.1073/pnas.1222848110},
  keywords = {P-spin glass,Replica overlap distribution,Replica symmetry breaking,Static correlation length,Susceptibility},
  file = {/Users/fergusmoore/Zotero/storage/MLV6I2MP/2752.full.pdf}
}

@article{karmakar2013a,
  title = {Random Pinning Glass Model},
  author = {Karmakar, Smarajit and Parisi, Giorgio},
  year = {2013},
  journal = {Proceedings of the National Academy of Sciences of the United States of America},
  volume = {110},
  number = {8},
  pages = {2752--2757},
  doi = {10.1073/pnas.1222848110},
  keywords = {P-spin glass,Replica overlap distribution,Replica symmetry breaking,Static correlation length,Susceptibility},
  file = {/Users/fergusmoore/Zotero/storage/6HPSGSIH/2752.full.pdf}
}

@article{kawasaki2007,
  title = {Correlation between {{Dynamic Heterogeneity}} and {{Medium-Range Order}} in {{Two-Dimensional Glass-Forming Liquids}}},
  author = {Kawasaki, Takeshi and Araki, Takeaki and Tanaka, Hajime},
  year = {2007},
  month = nov,
  journal = {Phys. Rev. Lett.},
  volume = {99},
  number = {21},
  pages = {215701},
  issn = {0031-9007, 1079-7114},
  doi = {10.1103/PhysRevLett.99.215701},
  langid = {english},
  file = {/Users/fergusmoore/Zotero/storage/FUSCSRCF/Kawasaki et al. - 2007 - Correlation between Dynamic Heterogeneity and Medi.pdf}
}

@article{kawasaki2010,
  title = {Formation of a Crystal Nucleus from Liquid},
  author = {Kawasaki, T. and Tanaka, H.},
  year = {2010},
  month = aug,
  journal = {Proceedings of the National Academy of Sciences},
  volume = {107},
  number = {32},
  pages = {14036--14041},
  issn = {0027-8424, 1091-6490},
  doi = {10.1073/pnas.1001040107},
  langid = {english},
  file = {/Users/fergusmoore/Zotero/storage/6VXQ6DST/Kawasaki and Tanaka - 2010 - Formation of a crystal nucleus from liquid.pdf}
}

@article{khlebtsov2008,
  title = {Determination of the {{Size}}, {{Concentration}}, and {{Refractive Index}} of {{Silica Nanoparticles}} from {{Turbidity Spectra}}},
  author = {Khlebtsov, Boris N. and Khanadeev, Vitaly A. and Khlebtsov, Nikolai G.},
  year = {2008},
  month = aug,
  journal = {Langmuir},
  volume = {24},
  number = {16},
  pages = {8964--8970},
  issn = {0743-7463, 1520-5827},
  doi = {10.1021/la8010053},
  langid = {english},
  file = {/Users/fergusmoore/Zotero/storage/SYNTLR6G/Khlebtsov et al. - 2008 - Determination of the Size, Concentration, and Refr.pdf}
}

@article{kilic2011,
  title = {{Induced-charge electrophoresis near a wall}},
  author = {Kilic, Mustafa Sabri and Bazant, Martin Z.},
  year = {2011},
  journal = {ELECTROPHORESIS},
  volume = {32},
  number = {5},
  pages = {614--628},
  issn = {1522-2683},
  doi = {10.1002/elps.201000481},
  langid = {french},
  keywords = {Induced-charge electrophoresis,Janus particles,Wall interactions},
  annotation = {\_eprint: https://onlinelibrary.wiley.com/doi/pdf/10.1002/elps.201000481},
  file = {/Users/fergusmoore/Zotero/storage/WRZ4GNTM/Kilic and Bazant - 2011 - Induced-charge electrophoresis near a wall.pdf;/Users/fergusmoore/Zotero/storage/QVP49TBN/elps.html}
}

@article{kim2009,
  title = {Slow Dynamics in Random Media: {{Crossover}} from Glass to Localization Transition},
  shorttitle = {Slow Dynamics in Random Media},
  author = {Kim, K. and Miyazaki, K. and Saito, S.},
  year = {2009},
  month = nov,
  journal = {Europhys. Lett.},
  volume = {88},
  number = {3},
  pages = {36002},
  issn = {0295-5075, 1286-4854},
  doi = {10.1209/0295-5075/88/36002},
  langid = {english},
  file = {/Users/fergusmoore/Zotero/storage/2LC7FAKW/Kim et al. - 2009 - Slow dynamics in random media Crossover from glas.pdf}
}

@article{kim2011,
  title = {Slow Dynamics, Dynamic Heterogeneities, and Fragility of Supercooled Liquids Confined in Random Media},
  author = {Kim, Kang and Miyazaki, Kunimasa and Saito, Shinji},
  year = {2011},
  journal = {J. Phys. Condens. Matter},
  volume = {23},
  number = {23},
  doi = {10.1088/0953-8984/23/23/234123},
  file = {/Users/fergusmoore/Zotero/storage/6VABVZNQ/Kim_2011_J._Phys.__Condens._Matter_23_234123.pdf}
}

@article{kim2011a,
  title = {Slow Dynamics, Dynamic Heterogeneities, and Fragility of Supercooled Liquids Confined in Random Media},
  author = {Kim, Kang and Miyazaki, Kunimasa and Saito, Shinji},
  year = {2011},
  journal = {Journal of Physics Condensed Matter},
  volume = {23},
  number = {23},
  doi = {10.1088/0953-8984/23/23/234123},
  file = {/Users/fergusmoore/Zotero/storage/V9IHNJV4/Kim_2011_J._Phys.__Condens._Matter_23_234123.pdf}
}

@article{klamser2018,
  title = {Thermodynamic Phases in Two-Dimensional Active Matter},
  author = {Klamser, Juliane U. and Kapfer, Sebastian C. and Krauth, Werner},
  year = {2018},
  month = dec,
  journal = {Nat Commun},
  volume = {9},
  number = {1},
  pages = {5045},
  issn = {2041-1723},
  doi = {10.1038/s41467-018-07491-5},
  langid = {english},
  file = {/Users/fergusmoore/Zotero/storage/823JCDJ5/Klamser et al. - 2018 - Thermodynamic phases in two-dimensional active mat.pdf}
}

@article{klongvessa2019,
  title = {Active {{Glass}}: {{Ergodicity Breaking Dramatically Affects Response}} to {{Self-Propulsion}}},
  shorttitle = {Active {{Glass}}},
  author = {Klongvessa, Natsuda and Ginot, F{\'e}lix and Ybert, Christophe and {Cottin-Bizonne}, C{\'e}cile and Leocmach, Mathieu},
  year = {2019},
  month = dec,
  journal = {Phys. Rev. Lett.},
  volume = {123},
  number = {24},
  pages = {248004},
  publisher = {{American Physical Society}},
  doi = {10.1103/PhysRevLett.123.248004},
  file = {/Users/fergusmoore/Zotero/storage/4FRW3Z3U/Klongvessa et al. - 2019 - Active Glass Ergodicity Breaking Dramatically Aff.pdf;/Users/fergusmoore/Zotero/storage/FZVC3EYY/Klongvessa et al. - 2019 - Active Glass Ergodicity Breaking Dramatically Aff.pdf;/Users/fergusmoore/Zotero/storage/WHHQN7VJ/Klongvessa et al. - 2019 - Active Glass Ergodicity Breaking Dramatically Aff.pdf;/Users/fergusmoore/Zotero/storage/M8LFIP9X/PhysRevLett.123.html;/Users/fergusmoore/Zotero/storage/RT657XMJ/PhysRevLett.123.html}
}

@article{kob1995,
  title = {Testing Mode-Coupling Theory for a Supercooled Binary {{Lennard-Jones}} Mixture {{I}}: {{The}} van {{Hove}} Correlation Function},
  shorttitle = {Testing Mode-Coupling Theory for a Supercooled Binary {{Lennard-Jones}} Mixture {{I}}},
  author = {Kob, Walter and Andersen, Hans C.},
  year = {1995},
  month = may,
  journal = {Phys. Rev. E},
  volume = {51},
  number = {5},
  pages = {4626--4641},
  issn = {1063-651X, 1095-3787},
  doi = {10.1103/PhysRevE.51.4626},
  langid = {english},
  file = {/Users/fergusmoore/Zotero/storage/UZWK6CLZ/Kob and Andersen - 1995 - Testing mode-coupling theory for a supercooled bin.pdf}
}

@article{kob2013,
  title = {Probing a {{Liquid}} to {{Glass Transition}} in {{Equilibrium}}},
  author = {Kob, Walter and Berthier, Ludovic},
  year = {2013},
  month = jun,
  journal = {Phys. Rev. Lett.},
  volume = {110},
  number = {24},
  pages = {245702},
  issn = {0031-9007, 1079-7114},
  doi = {10.1103/PhysRevLett.110.245702},
  langid = {english},
  file = {/Users/fergusmoore/Zotero/storage/8RCW2WSL/Kob and Berthier - 2013 - Probing a Liquid to Glass Transition in Equilibriu.pdf}
}

@article{kob2014,
  title = {Nonlinear Dynamic Response of Glass-Forming Liquids to Random Pinning},
  author = {Kob, Walter and Coslovich, Daniele},
  year = {2014},
  month = nov,
  journal = {Phys. Rev. E},
  volume = {90},
  number = {5},
  pages = {052305},
  issn = {1539-3755, 1550-2376},
  doi = {10.1103/PhysRevE.90.052305},
  langid = {english},
  file = {/Users/fergusmoore/Zotero/storage/NCIXUYDP/Kob and Coslovich - 2014 - Nonlinear dynamic response of glass-forming liquid.pdf}
}

@article{koyama2020,
  title = {Separation of Pedestrian Counter Flows with an Array of Obstacles},
  author = {Koyama, Shihori and Inoue, Daisuke and Okada, Akihisa and Yoshida, Hiroaki},
  year = {2020},
  month = nov,
  journal = {Artif Life Robotics},
  volume = {25},
  number = {4},
  pages = {529--536},
  issn = {1433-5298, 1614-7456},
  doi = {10.1007/s10015-020-00648-w},
  langid = {english},
  file = {/Users/fergusmoore/Zotero/storage/UBUUC6W8/Koyama et al. - 2020 - Separation of pedestrian counter flows with an arr.pdf}
}

@article{krakoviack2007,
  title = {Mode-Coupling Theory for the Slow Collective Dynamics of Fluids Adsorbed in Disordered Porous Media},
  author = {Krakoviack, V.},
  year = {2007},
  month = mar,
  journal = {Phys. Rev. E},
  volume = {75},
  number = {3},
  pages = {031503},
  issn = {1539-3755, 1550-2376},
  doi = {10.1103/PhysRevE.75.031503},
  langid = {english},
  file = {/Users/fergusmoore/Zotero/storage/2Z5T9ZKW/Krakoviack - 2007 - Mode-coupling theory for the slow collective dynam.pdf}
}

@article{kurzidim2009,
  title = {Single-{{Particle}} and {{Collective Slow Dynamics}} of {{Colloids}} in {{Porous Confinement}}},
  author = {Kurzidim, Jan and Coslovich, Daniele and Kahl, Gerhard},
  year = {2009},
  month = sep,
  journal = {Phys. Rev. Lett.},
  volume = {103},
  number = {13},
  pages = {138303},
  issn = {0031-9007, 1079-7114},
  doi = {10.1103/PhysRevLett.103.138303},
  langid = {english},
  file = {/Users/fergusmoore/Zotero/storage/CBRQ3CPX/Kurzidim et al. - 2009 - Single-Particle and Collective Slow Dynamics of Co.pdf}
}

@article{lacevic2003a,
  title = {Spatially Heterogeneous Dynamics Investigated via a Time-Dependent Four-Point Density Correlation Function},
  author = {La{\v c}evi{\'c}, N. and Starr, F. W. and Schr{\o}der, T. B. and Glotzer, S. C.},
  year = {2003},
  month = oct,
  journal = {The Journal of Chemical Physics},
  volume = {119},
  number = {14},
  pages = {7372--7387},
  issn = {0021-9606, 1089-7690},
  doi = {10.1063/1.1605094},
  langid = {english},
  file = {/Users/fergusmoore/Zotero/storage/VMUA9RKJ/Lačević et al. - 2003 - Spatially heterogeneous dynamics investigated via .pdf}
}

@book{lang2016,
  title = {Soft {{Matter}} at {{Aqueous Interfaces}}},
  editor = {Lang, Peter and Liu, Yi},
  year = {2016},
  series = {Lecture {{Notes}} in {{Physics}}},
  volume = {917},
  publisher = {{Springer International Publishing}},
  address = {{Cham}},
  doi = {10.1007/978-3-319-24502-7},
  isbn = {978-3-319-24500-3 978-3-319-24502-7},
  langid = {english},
  file = {/Users/fergusmoore/Zotero/storage/GDFC4HU7/Lang and Liu - 2016 - Soft Matter at Aqueous Interfaces.pdf}
}

@article{lebel1962,
  title = {Density, {{Viscosity}}, {{Refractive Index}}, and {{Hygroscopicity}} of {{Mixtures}} of {{Water}} and {{Dimethyl Sulfoxide}}.},
  author = {LeBel, R. G. and Goring, D. A. I.},
  year = {1962},
  month = jan,
  journal = {J. Chem. Eng. Data},
  volume = {7},
  number = {1},
  pages = {100--101},
  issn = {0021-9568, 1520-5134},
  doi = {10.1021/je60012a032},
  langid = {english},
  file = {/Users/fergusmoore/Zotero/storage/J8Q3T9DX/LeBel and Goring - 1962 - Density, Viscosity, Refractive Index, and Hygrosco.pdf}
}

@article{lee2017,
  title = {Interface Stability, Interface Fluctuations, and the {{Gibbs}}\textendash{{Thomson}} Relationship in Motility-Induced Phase Separations},
  author = {Lee, Chiu Fan},
  year = {2017},
  journal = {Soft Matter},
  volume = {13},
  number = {2},
  pages = {376--385},
  issn = {1744-683X, 1744-6848},
  doi = {10.1039/C6SM01978A},
  langid = {english},
  file = {/Users/fergusmoore/Zotero/storage/C45WYIGC/Lee - 2017 - Interface stability, interface fluctuations, and t.pdf;/Users/fergusmoore/Zotero/storage/JK44SR43/lee2016.pdf.pdf}
}

@article{lekkerkerker1992,
  title = {Phase Behavior of Colloid + Polymer Mixtures},
  author = {Lekkerkerker, Henk N. W. and Poon, W. C. K. and Pusey, Peter N. and Stroobants, A. and Warren, P. B.},
  year = {1992},
  journal = {Europhysics Letters},
  volume = {20},
  number = {6},
  pages = {559--559},
  doi = {10.1209/0295-5075/20/6/015},
  file = {/Users/fergusmoore/Zotero/storage/CYDAF8FG/Lekkerkerker et al. - 1992 - Phase behavior of colloid polymer mixtures.pdf}
}

@book{lekkerkerker2011,
  title = {Colloids and the {{Depletion Interaction}}},
  author = {Lekkerkerker, Henk N.W. and Tuinier, Remco},
  year = {2011},
  series = {Lecture {{Notes}} in {{Physics}}},
  volume = {833},
  publisher = {{Springer Netherlands}},
  address = {{Dordrecht}},
  doi = {10.1007/978-94-007-1223-2},
  isbn = {978-94-007-1222-5 978-94-007-1223-2},
  langid = {english},
  file = {/Users/fergusmoore/Zotero/storage/VJURMPF2/Lekkerkerker and Tuinier - 2011 - Colloids and the Depletion Interaction.pdf}
}

@book{lekkerkerker2011a,
  title = {Colloids and the {{Depletion Interaction}}},
  author = {Lekkerkerker, Henk N.W. and Tuinier, Remco},
  year = {2011},
  series = {Lecture {{Notes}} in {{Physics}}},
  volume = {833},
  publisher = {{Springer Netherlands}},
  address = {{Dordrecht}},
  doi = {10.1007/978-94-007-1223-2},
  isbn = {978-94-007-1222-5 978-94-007-1223-2},
  langid = {english},
  file = {/Users/fergusmoore/Zotero/storage/69NPAWHY/Lekkerkerker and Tuinier - 2011 - Colloids and the Depletion Interaction.pdf}
}

@article{leoni2021,
  title = {Nonclassical {{Nucleation Pathways}} in {{Stacking-Disordered Crystals}}},
  author = {Leoni, Fabio and Russo, John},
  year = {2021},
  month = jul,
  journal = {Phys. Rev. X},
  volume = {11},
  number = {3},
  pages = {031006},
  issn = {2160-3308},
  doi = {10.1103/PhysRevX.11.031006},
  langid = {english},
  file = {/Users/fergusmoore/Zotero/storage/EGYBM9DH/Leoni and Russo - 2021 - Nonclassical Nucleation Pathways in Stacking-Disor.pdf}
}

@article{levis2017,
  title = {Active {{Brownian}} Equation of State: Metastability and Phase Coexistence},
  shorttitle = {Active {{Brownian}} Equation of State},
  author = {Levis, Demian and Codina, Joan and Pagonabarraga, Ignacio},
  year = {2017},
  journal = {Soft Matter},
  volume = {13},
  number = {44},
  pages = {8113--8119},
  issn = {1744-683X, 1744-6848},
  doi = {10.1039/C7SM01504F},
  langid = {english},
  file = {/Users/fergusmoore/Zotero/storage/YZ62R3U8/Levis et al. - 2017 - Active Brownian equation of state metastability a.pdf}
}

@article{leyva2020,
  title = {Dynamics and Clogging of Colloidal Monolayers Magnetically Driven through a Heterogeneous Landscape},
  author = {Leyva, Sergi Granados and Stoop, Ralph Lukas and Tierno, Pietro and Pagonabarraga, Ignacio},
  year = {2020},
  journal = {Soft Matter},
  volume = {16},
  number = {30},
  pages = {6985--6992},
  issn = {1744-683X, 1744-6848},
  doi = {10.1039/D0SM00904K},
  langid = {english},
  file = {/Users/fergusmoore/Zotero/storage/ENDFQUMP/Leyva et al. - 2020 - Dynamics and clogging of colloidal monolayers magn.pdf}
}

@article{li2015,
  title = {Decoupling of Relaxation and Diffusion in Random Pinning Glass-Forming Liquids},
  author = {Li, Yan-Wei and Zhu, You-Liang and Sun, Zhao-Yan},
  year = {2015},
  month = mar,
  journal = {The Journal of Chemical Physics},
  volume = {142},
  number = {12},
  pages = {124507},
  issn = {0021-9606, 1089-7690},
  doi = {10.1063/1.4916208},
  langid = {english},
  file = {/Users/fergusmoore/Zotero/storage/QCLR3E7J/Li et al. - 2015 - Decoupling of relaxation and diffusion in random p.pdf}
}

@article{liao2021,
  title = {Inertial Effects on Crystallization of Active Particles},
  author = {Liao, Jing-jing and Lin, Fu-jun and Ai, Bao-quan},
  year = {2021},
  month = nov,
  journal = {Physica A: Statistical Mechanics and its Applications},
  volume = {582},
  pages = {126251},
  issn = {03784371},
  doi = {10.1016/j.physa.2021.126251},
  langid = {english},
  file = {/Users/fergusmoore/Zotero/storage/D7EJLUDW/Liao et al. - 2021 - Inertial effects on crystallization of active part.pdf}
}

@article{lips2021,
  title = {Emergent Colloidal Currents across Ordered and Disordered Landscapes},
  author = {Lips, Dominik and Stoop, Ralph L. and Maass, Philipp and Tierno, Pietro},
  year = {2021},
  month = dec,
  journal = {Commun Phys},
  volume = {4},
  number = {1},
  pages = {224},
  issn = {2399-3650},
  doi = {10.1038/s42005-021-00722-0},
  langid = {english},
  file = {/Users/fergusmoore/Zotero/storage/8IPTGKFG/Lips et al. - 2021 - Emergent colloidal currents across ordered and dis.pdf}
}

@article{liu2019a,
  title = {Self-{{Driven Phase Transitions Drive}} {{{\emph{Myxococcus}}}}{\emph{ Xanthus}} {{Fruiting Body Formation}}},
  author = {Liu, Guannan and Patch, Adam and Bahar, Fatmag{\"u}l and Yllanes, David and Welch, Roy D. and Marchetti, M. Cristina and Thutupalli, Shashi and Shaevitz, Joshua W.},
  year = {2019},
  month = jun,
  journal = {Phys. Rev. Lett.},
  volume = {122},
  number = {24},
  pages = {248102},
  issn = {0031-9007, 1079-7114},
  doi = {10.1103/PhysRevLett.122.248102},
  langid = {english},
  file = {/Users/fergusmoore/Zotero/storage/Z3JYWLZV/Liu et al. - 2019 - Self-Driven Phase Transitions Drive Myxococcus .pdf}
}

@article{loi2008,
  title = {Effective Temperature of Active Matter},
  author = {Loi, Davide and Mossa, Stefano and Cugliandolo, Leticia F.},
  year = {2008},
  month = may,
  journal = {Phys. Rev. E},
  volume = {77},
  number = {5},
  pages = {051111},
  issn = {1539-3755, 1550-2376},
  doi = {10.1103/PhysRevE.77.051111},
  langid = {english},
  file = {/Users/fergusmoore/Zotero/storage/HPE5PWQU/Loi et al. - 2008 - Effective temperature of active matter.pdf}
}

@article{lopez2015,
  title = {Turning {{Bacteria Suspensions}} into {{Superfluids}}},
  author = {L{\'o}pez, H{\'e}ctor Mat{\'i}as and Gachelin, J{\'e}r{\'e}mie and Douarche, Carine and Auradou, Harold and Cl{\'e}ment, Eric},
  year = {2015},
  month = jul,
  journal = {Phys. Rev. Lett.},
  volume = {115},
  number = {2},
  pages = {028301},
  issn = {0031-9007, 1079-7114},
  doi = {10.1103/PhysRevLett.115.028301},
  langid = {english},
  file = {/Users/fergusmoore/Zotero/storage/GX6SETP7/López et al. - 2015 - Turning Bacteria Suspensions into Superfluids.pdf}
}

@article{lu2013,
  title = {Colloidal {{Particles}}: {{Crystals}}, {{Glasses}}, and {{Gels}}},
  shorttitle = {Colloidal {{Particles}}},
  author = {Lu, Peter J. and Weitz, David A.},
  year = {2013},
  journal = {Annual Review of Condensed Matter Physics},
  volume = {4},
  number = {1},
  pages = {217--233},
  doi = {10.1146/annurev-conmatphys-030212-184213},
  annotation = {\_eprint: https://doi.org/10.1146/annurev-conmatphys-030212-184213}
}

@article{lu2018,
  title = {Pair Aligning Improved Motility of {{Quincke}} Rollers},
  author = {Lu, Shi Qing and Zhang, Bing Yue and Zhang, Zhi Chao and Shi, Yan and Zhang, Tian Hui},
  year = {2018},
  journal = {Soft Matter},
  volume = {14},
  number = {24},
  pages = {5092--5097},
  issn = {1744-683X, 1744-6848},
  doi = {10.1039/C8SM00371H},
  langid = {english},
  file = {/Users/fergusmoore/Zotero/storage/A3KCN8SE/Lu et al. - 2018 - Pair aligning improved motility of Quincke rollers.pdf;/Users/fergusmoore/Zotero/storage/GBEXNW2B/lu2018.pdf.pdf}
}

@article{lubachevsky1990,
  title = {Geometric Properties of Random Disk Packings},
  author = {Lubachevsky, Boris D. and Stillinger, Frank H.},
  year = {1990},
  month = sep,
  journal = {J Stat Phys},
  volume = {60},
  number = {5-6},
  pages = {561--583},
  issn = {0022-4715, 1572-9613},
  doi = {10.1007/BF01025983},
  langid = {english},
  file = {/Users/fergusmoore/Zotero/storage/JICFLBSL/Lubachevsky and Stillinger - 1990 - Geometric properties of random disk packings.pdf}
}

@article{machta1983,
  title = {Diffusion in a {{Periodic Lorentz Gas}}},
  author = {Machta, Jonathan and Zwanzig, Robert},
  year = {1983},
  month = jun,
  journal = {Phys. Rev. Lett.},
  volume = {50},
  number = {25},
  pages = {1959--1962},
  issn = {0031-9007},
  doi = {10.1103/PhysRevLett.50.1959},
  langid = {english},
  file = {/Users/fergusmoore/Zotero/storage/SFHXTYL4/Machta and Zwanzig - 1983 - Diffusion in a Periodic Lorentz Gas.pdf}
}

@article{malgaretti2021,
  title = {Mechanical Pressure and Work Cycle of Confined Active {{Brownian}} Particles},
  author = {Malgaretti, Paolo and Nowakowski, Piotr and Stark, Holger},
  year = {2021},
  month = apr,
  journal = {EPL},
  volume = {134},
  number = {2},
  pages = {20002},
  issn = {0295-5075, 1286-4854},
  doi = {10.1209/0295-5075/134/20002},
  langid = {english},
  file = {/Users/fergusmoore/Zotero/storage/TYN7T4ZY/Malgaretti et al. - 2021 - Mechanical pressure and work cycle of confined act.pdf}
}

@article{malins2013,
  title = {Identification of Structure in Condensed Matter with the Topological Cluster Classification},
  author = {Malins, Alex and Williams, Stephen R. and Eggers, Jens and Royall, C. Patrick},
  year = {2013},
  month = dec,
  journal = {The Journal of Chemical Physics},
  volume = {139},
  number = {23},
  pages = {234506},
  issn = {0021-9606, 1089-7690},
  doi = {10.1063/1.4832897},
  langid = {english},
  file = {/Users/fergusmoore/Zotero/storage/LYTRGV4N/Malins et al. - 2013 - Identification of structure in condensed matter wi.pdf}
}

@article{malins2013a,
  title = {Identification of Long-Lived Clusters and Their Link to Slow Dynamics in a Model Glass Former},
  author = {Malins, Alex and Eggers, Jens and Royall, C. Patrick and Williams, Stephen R. and Tanaka, Hajime},
  year = {2013},
  month = mar,
  journal = {The Journal of Chemical Physics},
  volume = {138},
  number = {12},
  pages = {12A535},
  issn = {0021-9606, 1089-7690},
  doi = {10.1063/1.4790515},
  langid = {english},
  file = {/Users/fergusmoore/Zotero/storage/3EC76NW7/Malins et al. - 2013 - Identification of long-lived clusters and their li.pdf;/Users/fergusmoore/Zotero/storage/67GP8GKH/malins2013.pdf.pdf}
}

@article{malins2013fara,
  title = {Lifetimes and Lengthscales of Structural Motifs in a Model Glassformer},
  author = {Malins, Alex and Eggers, Jens and Tanaka, Hajime and Royall, C. Patrick},
  year = {2013},
  journal = {Faraday Discuss.},
  volume = {167},
  pages = {405},
  issn = {1359-6640, 1364-5498},
  doi = {10.1039/c3fd00078h},
  langid = {english},
  file = {/Users/fergusmoore/Zotero/storage/Z3T2CWJ7/Malins et al. - 2013 - Lifetimes and lengthscales of structural motifs in.pdf}
}

@article{mallory2017,
  title = {Self-Assembly of Active Amphiphilic {{Janus}} Particles},
  author = {Mallory, S. A. and Alarcon, F. and Cacciuto, A. and Valeriani, C.},
  year = {2017},
  month = dec,
  journal = {New J. Phys.},
  volume = {19},
  number = {12},
  pages = {125014},
  publisher = {{IOP Publishing}},
  issn = {1367-2630},
  doi = {10.1088/1367-2630/aa9b77},
  langid = {english},
  file = {/Users/fergusmoore/Zotero/storage/9WQ3HSFI/Mallory et al. - 2017 - Self-assembly of active amphiphilic Janus particle.pdf}
}

@article{mandal2020,
  title = {Multiple {{Types}} of {{Aging}} in {{Active Glasses}}},
  author = {Mandal, Rituparno and Sollich, Peter},
  year = {2020},
  month = nov,
  journal = {Phys. Rev. Lett.},
  volume = {125},
  number = {21},
  pages = {218001},
  issn = {0031-9007, 1079-7114},
  doi = {10.1103/PhysRevLett.125.218001},
  langid = {english},
  file = {/Users/fergusmoore/Zotero/storage/VMUTJINZ/Mandal and Sollich - 2020 - Multiple Types of Aging in Active Glasses.pdf}
}

@article{mandal2020a,
  title = {Extreme Active Matter at High Densities},
  author = {Mandal, Rituparno and Bhuyan, Pranab Jyoti and Chaudhuri, Pinaki and Dasgupta, Chandan and Rao, Madan},
  year = {2020},
  month = dec,
  journal = {Nat Commun},
  volume = {11},
  number = {1},
  pages = {2581},
  issn = {2041-1723},
  doi = {10.1038/s41467-020-16130-x},
  langid = {english},
  file = {/Users/fergusmoore/Zotero/storage/I8JRPHKR/Mandal et al. - 2020 - Extreme active matter at high densities.pdf}
}

@article{mandal2021,
  title = {Shear-Induced Orientational Ordering in an Active Glass Former},
  author = {Mandal, Rituparno and Sollich, Peter},
  year = {2021},
  month = sep,
  journal = {Proc. Natl. Acad. Sci. U.S.A.},
  volume = {118},
  number = {39},
  pages = {e2101964118},
  issn = {0027-8424, 1091-6490},
  doi = {10.1073/pnas.2101964118},
  langid = {english},
  file = {/Users/fergusmoore/Zotero/storage/YMS3V8F7/Mandal and Sollich - 2021 - Shear-induced orientational ordering in an active .pdf}
}

@article{mani2015,
  title = {Effect of Self-Propulsion on Equilibrium Clustering},
  author = {Mani, Ethayaraja and L{\"o}wen, Hartmut},
  year = {2015},
  month = sep,
  journal = {Phys. Rev. E},
  volume = {92},
  number = {3},
  pages = {032301},
  issn = {1539-3755, 1550-2376},
  doi = {10.1103/PhysRevE.92.032301},
  langid = {english},
  file = {/Users/fergusmoore/Zotero/storage/W6FZD74P/Mani and Löwen - 2015 - Effect of self-propulsion on equilibrium clusterin.pdf}
}

@article{marchetti2013,
  title = {Hydrodynamics of Soft Active Matter},
  author = {Marchetti, M. C. and Joanny, J. F. and Ramaswamy, S. and Liverpool, T. B. and Prost, J. and Rao, Madan and Simha, R. Aditi},
  year = {2013},
  month = jul,
  journal = {Rev. Mod. Phys.},
  volume = {85},
  number = {3},
  pages = {1143--1189},
  issn = {0034-6861, 1539-0756},
  doi = {10.1103/RevModPhys.85.1143},
  langid = {english},
  file = {/Users/fergusmoore/Zotero/storage/NEHWQJU2/Marchetti et al. - 2013 - Hydrodynamics of soft active matter.pdf}
}

@article{marchetti2016,
  title = {Minimal Model of Active Colloids Highlights the Role of Mechanical Interactions in Controlling the Emergent Behavior of Active Matter},
  author = {Marchetti, M. Cristina and Fily, Yaouen and Henkes, Silke and Patch, Adam and Yllanes, David},
  year = {2016},
  month = feb,
  journal = {Current Opinion in Colloid \& Interface Science},
  volume = {21},
  pages = {34--43},
  issn = {13590294},
  doi = {10.1016/j.cocis.2016.01.003}
}

@article{martin-roca2021,
  title = {Characterization of {{MIPS}} in a Suspension of Repulsive Active {{Brownian}} Particles through Dynamical Features},
  author = {{Martin-Roca}, Jos{\'e} and Martinez, Raul and Alexander, Lachlan C. and Diez, Angel Luis and Aarts, Dirk G. A. L. and Alarcon, Francisco and Ram{\'i}rez, Jorge and Valeriani, Chantal},
  year = {2021},
  month = apr,
  journal = {J. Chem. Phys.},
  volume = {154},
  number = {16},
  pages = {164901},
  issn = {0021-9606, 1089-7690},
  doi = {10.1063/5.0040141},
  langid = {english},
  file = {/Users/fergusmoore/Zotero/storage/P8X8I356/Martin-Roca et al. - 2021 - Characterization of MIPS in a suspension of repuls.pdf}
}

@article{mauleon-amieva2021,
  title = {Dynamics and {{Interactions}} of {{Quincke Roller Clusters}}: From {{Orbits}} and {{Flips}} to {{Excited States}}},
  shorttitle = {Dynamics and {{Interactions}} of {{Quincke Roller Clusters}}},
  author = {{Mauleon-Amieva}, Abraham and Allen, Michael P. and Royall, C. Patrick},
  year = {2021},
  month = jul,
  journal = {arXiv:2107.07934 [cond-mat]},
  eprint = {2107.07934},
  eprinttype = {arxiv},
  primaryclass = {cond-mat},
  archiveprefix = {arXiv},
  keywords = {Condensed Matter - Soft Condensed Matter},
  file = {/Users/fergusmoore/Zotero/storage/9M3LKRAK/Mauleon-Amieva et al. - 2021 - Dynamics and Interactions of Quincke Roller Cluste.pdf;/Users/fergusmoore/Zotero/storage/SRKAT7ZP/2107.html}
}

@article{mauleonamieva2020,
  title = {Competing Active and Passive Interactions Drive Amoebalike Crystallites and Ordered Bands in Active Colloids},
  author = {{Mauleon-Amieva}, Abraham and Mosayebi, Majid and Hallett, James E. and Turci, Francesco and Liverpool, Tanniemola B. and {van Duijneveldt}, Jeroen S. and Royall, C. Patrick},
  options = {useprefix=true},
  year = {2020},
  month = sep,
  journal = {Phys. Rev. E},
  volume = {102},
  number = {3},
  pages = {032609},
  publisher = {{American Physical Society}},
  doi = {10.1103/PhysRevE.102.032609},
  file = {/Users/fergusmoore/Zotero/storage/NZ2RHL26/Mauleon-Amieva et al. - 2020 - Competing active and passive interactions drive am.pdf;/Users/fergusmoore/Zotero/storage/9CSW4G99/PhysRevE.102.html}
}

@article{mcmillan1945,
  title = {The {{Statistical Thermodynamics}} of {{Multicomponent Systems}}},
  author = {McMillan, William G. and Mayer, Joseph E.},
  year = {1945},
  month = jul,
  journal = {J. Chem. Phys.},
  volume = {13},
  number = {7},
  pages = {276--305},
  publisher = {{American Institute of Physics}},
  issn = {0021-9606},
  doi = {10.1063/1.1724036},
  file = {/Users/fergusmoore/Zotero/storage/VEM4KQFE/McMillan and Mayer - 1945 - The Statistical Thermodynamics of Multicomponent S.pdf}
}

@article{miller2001,
  title = {Quorum {{Sensing}} in {{Bacteria}}},
  author = {Miller, Melissa B. and Bassler, Bonnie L.},
  year = {2001},
  journal = {Annual Review of Microbiology},
  volume = {55},
  number = {1},
  pages = {165--199},
  doi = {10.1146/annurev.micro.55.1.165},
  pmid = {11544353},
  annotation = {\_eprint: https://doi.org/10.1146/annurev.micro.55.1.165},
  file = {/Users/fergusmoore/Zotero/storage/4X2633VN/Miller and Bassler - 2001 - Quorum Sensing in Bacteria.pdf;/Users/fergusmoore/Zotero/storage/TXVZUY93/miller2001.pdf.pdf}
}

@article{mognetti2013,
  title = {Living {{Clusters}} and {{Crystals}} from {{Low-Density Suspensions}} of {{Active Colloids}}},
  author = {Mognetti, B. M. and {\v S}ari{\'c}, A. and {Angioletti-Uberti}, S. and Cacciuto, A. and Valeriani, C. and Frenkel, D.},
  year = {2013},
  month = dec,
  journal = {Phys. Rev. Lett.},
  volume = {111},
  number = {24},
  pages = {245702},
  publisher = {{American Physical Society}},
  doi = {10.1103/PhysRevLett.111.245702},
  file = {/Users/fergusmoore/Zotero/storage/R7G4Y4NP/Mognetti et al. - 2013 - Living Clusters and Crystals from Low-Density Susp.pdf;/Users/fergusmoore/Zotero/storage/LIXHSN77/PhysRevLett.111.html}
}

@article{moore2021a,
  title = {Crystallisation and Polymorph Selection in Active {{Brownian}} Particles},
  author = {Moore, Fergus J. and Royall, C. Patrick and Liverpool, Tanniemola B. and Russo, John},
  year = {2021},
  month = sep,
  journal = {Eur. Phys. J. E},
  volume = {44},
  number = {9},
  pages = {121},
  issn = {1292-8941, 1292-895X},
  doi = {10.1140/epje/s10189-021-00108-8},
  langid = {english},
  file = {/Users/fergusmoore/Zotero/storage/BYZMM2FR/Moore et al. - 2021 - Crystallisation and polymorph selection in active .pdf}
}

@article{morin2017,
  title = {Diffusion, Subdiffusion, and Localization of Active Colloids in Random Post Lattices},
  author = {Morin, Alexandre and Lopes Cardozo, David and Chikkadi, Vijayakumar and Bartolo, Denis},
  year = {2017},
  month = oct,
  journal = {Phys. Rev. E},
  volume = {96},
  number = {4},
  pages = {042611},
  issn = {2470-0045, 2470-0053},
  doi = {10.1103/PhysRevE.96.042611}
}

@article{morin2017a,
  title = {Diffusion, Subdiffusion, and Localization of Active Colloids in Random Post Lattices},
  author = {Morin, Alexandre and Cardozo, David Lopes and Chikkadi, Vijayakumar and Bartolo, Denis},
  year = {2017},
  journal = {PHYSICAL REVIEW E},
  pages = {8},
  langid = {english},
  file = {/Users/fergusmoore/Zotero/storage/BGY8YUFB/Morin et al. - 2017 - Diffusion, subdiffusion, and localization of activ.pdf}
}

@book{muller2006,
  title = {Introduction to {{Confocal Fluorescence Microscopy}}},
  author = {Muller, Michiel},
  year = {2006},
  publisher = {{SPIE Press}},
  googlebooks = {t7N4G4x9zGcC},
  isbn = {978-0-8194-6043-1},
  langid = {english},
  keywords = {Science / Electron Microscopes \& Microscopy}
}

@article{neta2021,
  title = {Wetting of a Solid Surface by Active Matter},
  author = {Neta, P. D. and Tasinkevych, M. and {Telo da Gama}, M. M. and Dias, C. S.},
  year = {2021},
  journal = {Soft Matter},
  volume = {17},
  number = {9},
  pages = {2468--2478},
  issn = {1744-683X, 1744-6848},
  doi = {10.1039/D0SM02008G},
  langid = {english},
  file = {/Users/fergusmoore/Zotero/storage/BAPGUZLB/Neta et al. - 2021 - Wetting of a solid surface by active matter.pdf;/Users/fergusmoore/Zotero/storage/BV7Z92UN/neta2021.pdf.pdf}
}

@article{nguyen2022,
  title = {Active {{Ornstein}}\textendash{{Uhlenbeck}} Model for Self-Propelled Particles with Inertia},
  author = {Nguyen, G H Philipp and Wittmann, Ren{\'e} and L{\"o}wen, Hartmut},
  year = {2022},
  month = jan,
  journal = {J. Phys.: Condens. Matter},
  volume = {34},
  number = {3},
  pages = {035101},
  issn = {0953-8984, 1361-648X},
  doi = {10.1088/1361-648X/ac2c3f},
  langid = {english},
  file = {/Users/fergusmoore/Zotero/storage/RCT46PVQ/Nguyen et al. - 2022 - Active Ornstein–Uhlenbeck model for self-propelled.pdf}
}

@article{ni2014,
  title = {Crystallizing Hard-Sphere Glasses by Doping with Active Particles},
  author = {Ni, Ran and Cohen Stuart, Martien A. and Dijkstra, Marjolein and Bolhuis, Peter G.},
  year = {2014},
  journal = {Soft Matter},
  volume = {10},
  number = {35},
  pages = {6609--6613},
  issn = {1744-683X, 1744-6848},
  doi = {10.1039/C4SM01015A},
  langid = {english},
  file = {/Users/fergusmoore/Zotero/storage/ZJL6U8QF/Ni et al. - 2014 - Crystallizing hard-sphere glasses by doping with a.pdf}
}

@article{nishiguchi2015,
  title = {Mesoscopic Turbulence and Local Order in {{Janus}} Particles Self-Propelling under an Ac Electric Field},
  author = {Nishiguchi, Daiki and Sano, Masaki},
  year = {2015},
  month = nov,
  journal = {Phys. Rev. E},
  volume = {92},
  number = {5},
  pages = {052309},
  issn = {1539-3755, 1550-2376},
  doi = {10.1103/PhysRevE.92.052309},
  langid = {english},
  file = {/Users/fergusmoore/Zotero/storage/ZVEVFEMW/Nishiguchi and Sano - 2015 - Mesoscopic turbulence and local order in Janus par.pdf}
}

@article{obyrne2022,
  title = {An {{Introduction}} to {{Motility-Induced Phase Separation}}},
  author = {O'Byrne, J{\'e}r{\'e}my and Solon, Alexandre and Tailleur, Julien and Zhao, Yongfeng},
  year = {2022},
  month = jan,
  journal = {arXiv:2112.03979 [cond-mat]},
  eprint = {2112.03979},
  eprinttype = {arxiv},
  primaryclass = {cond-mat},
  archiveprefix = {arXiv},
  keywords = {Condensed Matter - Soft Condensed Matter,Condensed Matter - Statistical Mechanics},
  file = {/Users/fergusmoore/Zotero/storage/T4Q9KAF2/O'Byrne et al. - 2022 - An Introduction to Motility-Induced Phase Separati.pdf;/Users/fergusmoore/Zotero/storage/MW78V4EI/2112.html}
}

@article{obyrne2022a,
  title = {Time Irreversibility in Active Matter, from Micro to Macro},
  author = {O'Byrne, J. and Kafri, Y. and Tailleur, J. and {van Wijland}, F.},
  year = {2022},
  month = mar,
  journal = {Nat Rev Phys},
  volume = {4},
  number = {3},
  pages = {167--183},
  issn = {2522-5820},
  doi = {10.1038/s42254-021-00406-2},
  langid = {english},
  file = {/Users/fergusmoore/Zotero/storage/SRIM7F7S/O’Byrne et al. - 2022 - Time irreversibility in active matter, from micro .pdf}
}

@misc{omar2021,
  title = {Active {{Crystallization}}},
  author = {Omar, Ahmad K. and Klymko, Katherine and GrandPre, Trevor and Geissler, Phillip L.},
  year = {2021},
  month = mar,
  journal = {ArXiv201209803 Cond-Mat},
  eprint = {2012.09803},
  eprinttype = {arxiv},
  primaryclass = {cond-mat},
  archiveprefix = {arXiv},
  howpublished = {http://arxiv.org/abs/2012.09803},
  keywords = {Condensed Matter - Soft Condensed Matter,Condensed Matter - Statistical Mechanics},
  file = {/Users/fergusmoore/Zotero/storage/JPXXWAMT/Omar et al. - 2021 - Active Crystallization.pdf;/Users/fergusmoore/Zotero/storage/F5HYDXFT/2012.html}
}

@article{omar2021a,
  title = {Phase {{Diagram}} of {{Active Brownian Spheres}}: {{Crystallization}} and the {{Metastability}} of {{Motility-Induced Phase Separation}}},
  shorttitle = {Phase {{Diagram}} of {{Active Brownian Spheres}}},
  author = {Omar, Ahmad K. and Klymko, Katherine and GrandPre, Trevor and Geissler, Phillip L.},
  year = {2021},
  month = may,
  journal = {Phys. Rev. Lett.},
  volume = {126},
  number = {18},
  pages = {188002},
  issn = {0031-9007, 1079-7114},
  doi = {10.1103/PhysRevLett.126.188002},
  langid = {english},
  file = {/Users/fergusmoore/Zotero/storage/KF74MUJC/Omar et al. - 2021 - Phase Diagram of Active Brownian Spheres Crystall.pdf;/Users/fergusmoore/Zotero/storage/LHSUJW49/omar2021.pdf.pdf}
}

@article{ostwald1897,
  title = {{Studien \"uber die Bildung und Umwandlung fester K\"orper}},
  author = {Ostwald, W.},
  year = {1897},
  month = feb,
  journal = {Zeitschrift f\"ur Physikalische Chemie},
  volume = {22U},
  number = {1},
  pages = {289--330},
  publisher = {{De Gruyter Oldenbourg}},
  issn = {2196-7156},
  doi = {10.1515/zpch-1897-2233},
  chapter = {Zeitschrift f\"ur Physikalische Chemie},
  langid = {german},
  file = {/Users/fergusmoore/Zotero/storage/6UMDQTQ4/html.html}
}

@article{ozawa2015,
  title = {Equilibrium Phase Diagram of a Randomly Pinned Glass-Former},
  author = {Ozawa, Misaki and Kob, Walter and Ikeda, Atsushi and Miyazaki, Kunimasa},
  year = {2015},
  journal = {Proc. Natl. Acad. Sci. U. S. A.},
  volume = {112},
  number = {22},
  pages = {6914--6919},
  doi = {10.1073/pnas.1500730112},
  keywords = {Computer simulations,Configurational entropy,Ideal glass transition,Kauzmann temperature,Random first-order,Transition theory}
}

@article{ozawa2018,
  title = {Ideal {{Glass States Are Not Purely Vibrational}}: {{Insight}} from {{Randomly Pinned Glasses}}},
  shorttitle = {Ideal {{Glass States Are Not Purely Vibrational}}},
  author = {Ozawa, Misaki and Ikeda, Atsushi and Miyazaki, Kunimasa and Kob, Walter},
  year = {2018},
  month = nov,
  journal = {Phys. Rev. Lett.},
  volume = {121},
  number = {20},
  pages = {205501},
  issn = {0031-9007, 1079-7114},
  doi = {10.1103/PhysRevLett.121.205501},
  langid = {english},
  file = {/Users/fergusmoore/Zotero/storage/DERGV42A/Ozawa et al. - 2018 - Ideal Glass States Are Not Purely Vibrational Ins.pdf}
}

@article{paddock1999,
  title = {Confocal {{Laser Scanning Microscopy}}},
  author = {Paddock, Stephen W},
  year = {1999},
  volume = {27},
  number = {5},
  pages = {10},
  langid = {english},
  file = {/Users/fergusmoore/Zotero/storage/6S37GVIG/Paddock - 1999 - Confocal Laser Scanning Microscopy.pdf}
}

@article{palacci2013,
  title = {Living {{Crystals}} of {{Light-Activated Colloidal Surfers}}},
  author = {Palacci, Jeremie and Sacanna, Stefano and Steinberg, Asher Preska and Pine, David J. and Chaikin, Paul M.},
  year = {2013},
  month = feb,
  journal = {Science},
  volume = {339},
  number = {6122},
  eprint = {23371555},
  eprinttype = {pmid},
  pages = {936--940},
  publisher = {{American Association for the Advancement of Science}},
  issn = {0036-8075, 1095-9203},
  doi = {10.1126/science.1230020},
  langid = {english},
  file = {/Users/fergusmoore/Zotero/storage/YHKEIMRQ/Palacci et al. - 2013 - Living Crystals of Light-Activated Colloidal Surfe.pdf;/Users/fergusmoore/Zotero/storage/JICUHT8K/936.html}
}

@article{palacci2013a,
  title = {Living {{Crystals}} of {{Light-Activated Colloidal Surfers}}},
  author = {Palacci, Jeremie and Sacanna, Stefano and Steinberg, Asher Preska and Pine, David J. and Chaikin, Paul M.},
  year = {2013},
  month = feb,
  journal = {Science},
  volume = {339},
  number = {6122},
  pages = {936--940},
  issn = {0036-8075, 1095-9203},
  doi = {10.1126/science.1230020},
  langid = {english},
  file = {/Users/fergusmoore/Zotero/storage/X9368G9C/Palacci et al. - 2013 - Living Crystals of Light-Activated Colloidal Surfe.pdf}
}

@article{palberg2014,
  title = {Crystallization Kinetics of Colloidal Model Suspensions: {{Recent}} Achievements and New Perspectives},
  shorttitle = {Crystallization Kinetics of Colloidal Model Suspensions},
  author = {Palberg, Thomas},
  year = {2014},
  month = aug,
  journal = {J. Phys.: Condens. Matter},
  volume = {26},
  number = {33},
  pages = {333101},
  issn = {0953-8984, 1361-648X},
  doi = {10.1088/0953-8984/26/33/333101},
  langid = {english},
  file = {/Users/fergusmoore/Zotero/storage/2IPZUHA9/Palberg - 2014 - Crystallization kinetics of colloidal model suspen.pdf}
}

@article{palberg2016,
  title = {To Make a Glass\textemdash Avoid the Crystal},
  author = {Palberg, Thomas and Bartsch, Eckhard and Beyer, Richard and Hofmann, Maximilian and Lorenz, Nina and Marquis, Janina and Niu, Ran and Okubo, Tsuneo},
  year = {2016},
  month = jul,
  journal = {J. Stat. Mech.},
  volume = {2016},
  number = {7},
  pages = {074007},
  issn = {1742-5468},
  doi = {10.1088/1742-5468/2016/07/074007},
  langid = {english},
  file = {/Users/fergusmoore/Zotero/storage/RYC85SS6/Palberg et al. - 2016 - To make a glass—avoid the crystal.pdf;/Users/fergusmoore/Zotero/storage/UDA9IUI2/palberg2016.pdf.pdf}
}

@article{paliwal2017,
  title = {Non-Equilibrium Surface Tension of the Vapour-Liquid Interface of Active {{Lennard-Jones}} Particles},
  author = {Paliwal, Siddharth and Prymidis, Vasileios and Filion, Laura and Dijkstra, Marjolein},
  year = {2017},
  month = aug,
  journal = {J. Chem. Phys.},
  volume = {147},
  number = {8},
  pages = {084902},
  publisher = {{American Institute of Physics}},
  issn = {0021-9606},
  doi = {10.1063/1.4989764},
  file = {/Users/fergusmoore/Zotero/storage/L4EU237Q/Paliwal et al. - 2017 - Non-equilibrium surface tension of the vapour-liqu.pdf;/Users/fergusmoore/Zotero/storage/LU4JTAGM/1.html}
}

@article{parry2014,
  title = {The {{Bacterial Cytoplasm Has Glass-like Properties}} and {{Is Fluidized}} by {{Metabolic Activity}}},
  author = {Parry, Bradley~R. and Surovtsev, Ivan~V. and Cabeen, Matthew~T. and O'Hern, Corey~S. and Dufresne, Eric~R. and {Jacobs-Wagner}, Christine},
  year = {2014},
  month = jan,
  journal = {Cell},
  volume = {156},
  number = {1-2},
  pages = {183--194},
  issn = {00928674},
  doi = {10.1016/j.cell.2013.11.028},
  langid = {english},
  file = {/Users/fergusmoore/Zotero/storage/UA8EXEVD/Parry et al. - 2014 - The Bacterial Cytoplasm Has Glass-like Properties .pdf}
}

@article{patch2018,
  title = {Curvature-Dependent Tension and Tangential Flows at the Interface of Motility-Induced Phases},
  author = {Patch, Adam and Sussman, Daniel M. and Yllanes, David and Marchetti, M. Cristina},
  year = {2018},
  journal = {Soft Matter},
  volume = {14},
  number = {36},
  pages = {7435--7445},
  issn = {1744-683X, 1744-6848},
  doi = {10.1039/C8SM00899J},
  langid = {english},
  file = {/Users/fergusmoore/Zotero/storage/6CEIYPT4/Patch et al. - 2018 - Curvature-dependent tension and tangential flows a.pdf;/Users/fergusmoore/Zotero/storage/SJBE66KU/patch2018.pdf.pdf}
}

@article{pawar2010,
  title = {Fabrication, {{Assembly}}, and {{Application}} of {{Patchy Particles}}},
  author = {Pawar, Amar B. and Kretzschmar, Ilona},
  year = {2010},
  journal = {Macromolecular Rapid Communications},
  volume = {31},
  number = {2},
  pages = {150--168},
  issn = {1521-3927},
  doi = {10.1002/marc.200900614},
  langid = {english},
  keywords = {modeling,modification,patchy particles,self-assembly,surfaces},
  annotation = {\_eprint: https://onlinelibrary.wiley.com/doi/pdf/10.1002/marc.200900614},
  file = {/Users/fergusmoore/Zotero/storage/VS8A37MF/Pawar and Kretzschmar - 2010 - Fabrication, Assembly, and Application of Patchy P.pdf;/Users/fergusmoore/Zotero/storage/6Y24CU2S/marc.html}
}

@article{perez2021,
  title = {Impact of Confined Geometries on Hopping and Trapping of Motile Bacteria in Porous Media},
  author = {Perez, Lazaro J},
  year = {2021},
  journal = {PHYSICAL REVIEW E},
  pages = {9},
  langid = {english},
  file = {/Users/fergusmoore/Zotero/storage/WGIUEPNH/Perez - 2021 - Impact of confined geometries on hopping and trapp.pdf}
}

@article{peruani2012,
  title = {Collective {{Motion}} and {{Nonequilibrium Cluster Formation}} in {{Colonies}} of {{Gliding Bacteria}}},
  author = {Peruani, Fernando and Starru{\ss}, J{\"o}rn and Jakovljevic, Vladimir and {S{\o}gaard-Andersen}, Lotte and Deutsch, Andreas and B{\"a}r, Markus},
  year = {2012},
  month = feb,
  journal = {Phys. Rev. Lett.},
  volume = {108},
  number = {9},
  pages = {098102},
  issn = {0031-9007, 1079-7114},
  doi = {10.1103/PhysRevLett.108.098102},
  langid = {english},
  file = {/Users/fergusmoore/Zotero/storage/XZ9NPFDM/Peruani et al. - 2012 - Collective Motion and Nonequilibrium Cluster Forma.pdf}
}

@article{peshkov2012,
  title = {Nonlinear {{Field Equations}} for {{Aligning Self-Propelled Rods}}},
  author = {Peshkov, Anton and Aranson, Igor S. and Bertin, Eric and Chat{\'e}, Hugues and Ginelli, Francesco},
  year = {2012},
  month = dec,
  journal = {Phys. Rev. Lett.},
  volume = {109},
  number = {26},
  pages = {268701},
  issn = {0031-9007, 1079-7114},
  doi = {10.1103/PhysRevLett.109.268701},
  langid = {english},
  file = {/Users/fergusmoore/Zotero/storage/HKZSB4FR/Peshkov et al. - 2012 - Nonlinear Field Equations for Aligning Self-Propel.pdf}
}

@article{plimpton1995,
  title = {Fast {{Parallel Algorithms}} for {{Short-Range Molecular Dynamics}}},
  author = {Plimpton, Steve},
  year = {1995},
  month = mar,
  journal = {Journal of Computational Physics},
  volume = {117},
  number = {1},
  pages = {1--19},
  issn = {0021-9991},
  doi = {10.1006/jcph.1995.1039},
  langid = {english},
  file = {/Users/fergusmoore/Zotero/storage/75C7XSLC/Plimpton - 1995 - Fast Parallel Algorithms for Short-Range Molecular.pdf;/Users/fergusmoore/Zotero/storage/E64NPQC8/S002199918571039X.html}
}

@article{pohl2014,
  title = {Dynamic {{Clustering}} and {{Chemotactic Collapse}} of {{Self-Phoretic Active Particles}}},
  author = {Pohl, Oliver and Stark, Holger},
  year = {2014},
  month = jun,
  journal = {Phys. Rev. Lett.},
  volume = {112},
  number = {23},
  pages = {238303},
  publisher = {{American Physical Society}},
  doi = {10.1103/PhysRevLett.112.238303},
  file = {/Users/fergusmoore/Zotero/storage/E8IZQWWD/Pohl and Stark - 2014 - Dynamic Clustering and Chemotactic Collapse of Sel.pdf;/Users/fergusmoore/Zotero/storage/7FMU8J6I/PhysRevLett.112.html}
}

@article{poon2002,
  title = {The Physics of a Model Colloid Polymer Mixture},
  author = {Poon, W C K},
  year = {2002},
  month = aug,
  journal = {J. Phys.: Condens. Matter},
  volume = {14},
  number = {33},
  pages = {R859-R880},
  issn = {0953-8984},
  doi = {10.1088/0953-8984/14/33/201},
  langid = {english},
  file = {/Users/fergusmoore/Zotero/storage/MWFBKXQQ/Poon - 2002 - The physics of a model colloid polymer mixture.pdf;/Users/fergusmoore/Zotero/storage/QTMKUEPZ/poon2002.pdf#view=FitH.pdf}
}

@article{poon2002a,
  title = {The Physics of a Model Colloid-Polymer Mixture},
  author = {Poon, W. C.K.},
  year = {2002},
  journal = {Journal of Physics Condensed Matter},
  volume = {14},
  number = {33},
  issn = {0953-8984},
  doi = {10.1088/0953-8984/14/33/201},
  file = {/Users/fergusmoore/Zotero/storage/9TXEAWIE/The_physics_of_a_model_colloid-polymer_mixture.pdf}
}

@article{poon2004,
  title = {Colloidal {{Glasses}}},
  author = {Poon, Wilson C. K.},
  year = {2004},
  month = feb,
  journal = {MRS Bulletin},
  volume = {29},
  number = {2},
  pages = {96--99},
  publisher = {{Cambridge University Press}},
  issn = {1938-1425, 0883-7694},
  doi = {10.1557/mrs2004.35},
  langid = {english},
  keywords = {colloids,glasses,metastability,nonergodicity,rheology,sticky hard spheres},
  file = {/Users/fergusmoore/Zotero/storage/SWLGU9FU/EACE5F60653C409D77A08EF8D323CCEA.html}
}

@article{pradillo2019,
  title = {Quincke Rotor Dynamics in Confinement: Rolling and Hovering},
  shorttitle = {Quincke Rotor Dynamics in Confinement},
  author = {Pradillo, Gerardo E. and Karani, Hamid and Vlahovska, Petia M.},
  year = {2019},
  journal = {Soft Matter},
  volume = {15},
  number = {32},
  pages = {6564--6570},
  issn = {1744-683X, 1744-6848},
  doi = {10.1039/C9SM01163C},
  langid = {english},
  file = {/Users/fergusmoore/Zotero/storage/USY3WZ4S/10.1039@c9sm01163c.pdf.pdf;/Users/fergusmoore/Zotero/storage/XKGFCD54/Pradillo et al. - 2019 - Quincke rotor dynamics in confinement rolling and.pdf}
}

@article{prieve1988,
  title = {Simplified Predictions of {{Hamaker}} Constants from {{Lifshitz}} Theory},
  author = {Prieve, Dennis C and Russel, William B},
  year = {1988},
  month = sep,
  journal = {Journal of Colloid and Interface Science},
  volume = {125},
  number = {1},
  pages = {1--13},
  issn = {00219797},
  doi = {10.1016/0021-9797(88)90048-3},
  langid = {english},
  file = {/Users/fergusmoore/Zotero/storage/FZGUU4W6/Prieve and Russel - 1988 - Simplified predictions of Hamaker constants from L.pdf}
}

@article{pronk1999,
  title = {Can Stacking Faults in Hard-Sphere Crystals Anneal out Spontaneously?},
  author = {Pronk, Sander and Frenkel, Daan},
  year = {1999},
  month = feb,
  journal = {J. Chem. Phys.},
  volume = {110},
  number = {9},
  pages = {4589--4592},
  publisher = {{American Institute of Physics}},
  issn = {0021-9606},
  doi = {10.1063/1.478339},
  file = {/Users/fergusmoore/Zotero/storage/CZ2GNR8G/Pronk and Frenkel - 1999 - Can stacking faults in hard-sphere crystals anneal.pdf;/Users/fergusmoore/Zotero/storage/L6W9TL2Y/1.html}
}

@article{pronk1999a,
  title = {Can Stacking Faults in Hard-Sphere Crystals Anneal out Spontaneously?},
  author = {Pronk, Sander and Frenkel, Daan},
  year = {1999},
  month = mar,
  journal = {The Journal of Chemical Physics},
  volume = {110},
  number = {9},
  pages = {4589--4592},
  issn = {0021-9606, 1089-7690},
  doi = {10.1063/1.478339},
  langid = {english},
  file = {/Users/fergusmoore/Zotero/storage/2MILCX28/Pronk and Frenkel - 1999 - Can stacking faults in hard-sphere crystals anneal.pdf}
}

@article{purcell2016,
  title = {Life at Low {{Reynolds}} Number},
  author = {Purcell, E M},
  year = {2016},
  volume = {3},
  number = {1977},
  doi = {10.1119/1.10903},
  file = {/Users/fergusmoore/Zotero/storage/W7KCVV5I/1.10903.pdf}
}

@article{pusey1986,
  title = {Phase Behaviour of Concentrated Suspensions of Nearly Hard Colloidal Spheres},
  author = {Pusey, P. N. and {van Megen}, W.},
  options = {useprefix=true},
  year = {1986},
  journal = {Nature},
  volume = {320},
  pages = {340--342},
  doi = {10.1038/320340a0}
}

@article{radu2014,
  title = {Solvent Hydrodynamics Speed up Crystal Nucleation in Suspensions of Hard Spheres},
  author = {Radu, M. and Schilling, T.},
  year = {2014},
  month = jan,
  journal = {EPL},
  volume = {105},
  number = {2},
  pages = {26001},
  issn = {0295-5075, 1286-4854},
  doi = {10.1209/0295-5075/105/26001},
  langid = {english},
  file = {/Users/fergusmoore/Zotero/storage/N7YCCBS9/Radu and Schilling - 2014 - Solvent hydrodynamics speed up crystal nucleation .pdf}
}

@article{ramaswamy2017,
  title = {Active Matter},
  author = {Ramaswamy, Sriram},
  year = {2017},
  journal = {J. Stat. Mech. Theory Exp.},
  volume = {2017},
  number = {5},
  publisher = {{IOP Publishing}},
  doi = {10.1088/1742-5468/aa6bc5},
  keywords = {active matter,fluctuating hydrodynamics},
  file = {/Users/fergusmoore/Zotero/storage/GFHQTSMC/sriramRamaswamyActiveMatterJStatMech2017.pdf;/Users/fergusmoore/Zotero/storage/XXFPEHKM/ramaswamy2017.pdf#view=FitH.pdf}
}

@article{razali,
  title = {Self {{Assembly}} in {{Gel Systems}}},
  author = {Razali, Azaima},
  pages = {143},
  langid = {english},
  keywords = {thesis},
  file = {/Users/fergusmoore/Zotero/storage/ZBPQVXIU/Razali - Self Assembly in Gel Systems.pdf}
}

@article{redner2013,
  title = {Structure and {{Dynamics}} of a {{Phase-Separating Active Colloidal Fluid}}},
  author = {Redner, Gabriel S. and Hagan, Michael F. and Baskaran, Aparna},
  year = {2013},
  month = jan,
  journal = {Phys. Rev. Lett.},
  volume = {110},
  number = {5},
  pages = {055701},
  publisher = {{American Physical Society}},
  doi = {10.1103/PhysRevLett.110.055701},
  file = {/Users/fergusmoore/Zotero/storage/3FSJM4FY/Redner et al. - 2013 - Structure and Dynamics of a Phase-Separating Activ.pdf;/Users/fergusmoore/Zotero/storage/88Z6UTA4/PhysRevLett.110.html}
}

@article{redner2013a,
  title = {Structure and {{Dynamics}} of a {{Phase-Separating Active Colloidal Fluid}}},
  author = {Redner, Gabriel S. and Hagan, Michael F. and Baskaran, Aparna},
  year = {2013},
  month = jan,
  journal = {Phys. Rev. Lett.},
  volume = {110},
  number = {5},
  pages = {055701},
  issn = {0031-9007, 1079-7114},
  doi = {10.1103/PhysRevLett.110.055701},
  langid = {english},
  file = {/Users/fergusmoore/Zotero/storage/QXQHX5Q8/Redner et al. - 2013 - Structure and Dynamics of a Phase-Separating Activ.pdf}
}

@article{redner2016,
  title = {Classical {{Nucleation Theory Description}} of {{Active Colloid Assembly}}},
  author = {Redner, Gabriel S. and Wagner, Caleb G. and Baskaran, Aparna and Hagan, Michael F.},
  year = {2016},
  month = sep,
  journal = {Phys. Rev. Lett.},
  volume = {117},
  number = {14},
  pages = {148002},
  publisher = {{American Physical Society}},
  doi = {10.1103/PhysRevLett.117.148002},
  file = {/Users/fergusmoore/Zotero/storage/GK78PAVG/Redner et al. - 2016 - Classical Nucleation Theory Description of Active .pdf;/Users/fergusmoore/Zotero/storage/VVA7CPMA/PhysRevLett.117.html}
}

@article{reichhardt2014,
  title = {Active Matter Transport and Jamming on Disordered Landscapes},
  author = {Reichhardt, C and Reichhardt, C J Olson},
  year = {2014},
  journal = {PHYSICAL REVIEW E},
  pages = {5},
  langid = {english},
  file = {/Users/fergusmoore/Zotero/storage/N94V887M/Reichhardt and Reichhardt - 2014 - Active matter transport and jamming on disordered .pdf}
}

@article{reichhardt2017,
  title = {Depinning and Nonequilibrium Dynamic Phases of Particle Assemblies Driven over Random and Ordered Substrates: {{A}} Review},
  author = {Reichhardt, C. and Olson Reichhardt, C. J.},
  year = {2017},
  journal = {Rep. Prog. Phys.},
  volume = {80},
  number = {2},
  publisher = {{IOP Publishing}},
  doi = {10.1088/1361-6633/80/2/026501},
  keywords = {depinning,dynamic phases,nonequilibrium phase transitions}
}

@article{reichhardt2017,
  title = {Depinning and Nonequilibrium Dynamic Phases of Particle Assemblies Driven over Random and Ordered Substrates: {{A}} Review},
  author = {Reichhardt, C. and Olson Reichhardt, C. J.},
  year = {2017},
  journal = {Rep. Prog. Phys.},
  volume = {80},
  number = {2},
  publisher = {{IOP Publishing}},
  doi = {10.1088/1361-6633/80/2/026501},
  keywords = {depinning,dynamic phases,nonequilibrium phase transitions}
}

@article{reichhardt2018,
  title = {Avalanche Dynamics for Active Matter in Heterogeneous Media},
  author = {Reichhardt, C. J.O. and Reichhardt, C.},
  year = {2018},
  journal = {New J. Phys.},
  volume = {20},
  number = {2},
  publisher = {{IOP Publishing}},
  doi = {10.1088/1367-2630/aaa392},
  keywords = {active matter,avalanches,heterogeneous media}
}

@article{reichhardt2018a,
  title = {Clogging and Depinning of Ballistic Active Matter Systems in Disordered Media},
  author = {Reichhardt, C},
  year = {2018},
  journal = {PHYSICAL REVIEW E},
  pages = {13},
  langid = {english},
  file = {/Users/fergusmoore/Zotero/storage/RY87TFHV/Reichhardt - 2018 - Clogging and depinning of ballistic active matter .pdf}
}

@article{reichhardt2018b,
  title = {Avalanche Dynamics for Active Matter in Heterogeneous Media},
  author = {Reichhardt, C J O},
  year = {2018},
  journal = {New J. Phys.},
  pages = {10},
  langid = {english},
  file = {/Users/fergusmoore/Zotero/storage/43AIS3HM/Reichhardt - 2018 - Avalanche dynamics for active matter in heterogene.pdf}
}

@article{reichhardt2021,
  title = {Clogging, Dynamics, and Reentrant Fluid for Active Matter on Periodic Substrates},
  author = {Reichhardt, C. and Reichhardt, C. J. O.},
  year = {2021},
  month = jun,
  journal = {Phys. Rev. E},
  volume = {103},
  number = {6},
  pages = {062603},
  issn = {2470-0045, 2470-0053},
  doi = {10.1103/PhysRevE.103.062603},
  langid = {english},
  file = {/Users/fergusmoore/Zotero/storage/45YQZ9EK/Reichhardt and Reichhardt - 2021 - Clogging, dynamics, and reentrant fluid for active.pdf}
}

@article{reichhardt2022,
  title = {Future {{Directions}} for {{Active Matter}} on {{Ordered Substrates}}},
  author = {Reichhardt, C. and Libal, A. and Reichhardt, C. J. O.},
  year = {2022},
  month = mar,
  journal = {arXiv:2203.13851 [cond-mat]},
  eprint = {2203.13851},
  eprinttype = {arxiv},
  primaryclass = {cond-mat},
  archiveprefix = {arXiv},
  keywords = {Condensed Matter - Soft Condensed Matter,Condensed Matter - Statistical Mechanics},
  file = {/Users/fergusmoore/Zotero/storage/CHIHFRJI/Reichhardt et al. - 2022 - Future Directions for Active Matter on Ordered Sub.pdf;/Users/fergusmoore/Zotero/storage/LNK498FU/2203.html}
}

@article{reynolds1987,
  title = {(\textasciitilde ) \textasciitilde{} {{ComputerGraphics}}, {{Volume21}}, {{Number4}}, {{July}} 1987},
  author = {Reynolds, Craig W},
  pages = {10},
  langid = {english},
  file = {/Users/fergusmoore/Zotero/storage/F2STK4RZ/Reynolds - (~) ~ ComputerGraphics, Volume21, Number4, July 19.pdf}
}

@article{richard2018,
  title = {Coupling between Criticality and Gelation in ``Sticky'' Spheres: A Structural Analysis},
  shorttitle = {Coupling between Criticality and Gelation in ``Sticky'' Spheres},
  author = {Richard, David and Hallett, James and Speck, Thomas and Royall, C. Patrick},
  year = {2018},
  journal = {Soft Matter},
  volume = {14},
  number = {27},
  pages = {5554--5564},
  issn = {1744-683X, 1744-6848},
  doi = {10.1039/C8SM00389K},
  langid = {english},
  file = {/Users/fergusmoore/Zotero/storage/3N2SYCFK/Richard et al. - 2018 - Coupling between criticality and gelation in “stic.pdf}
}

@article{rintoul1996,
  title = {Computer Simulations of Dense Hard-sphere Systems},
  author = {Rintoul, M. D. and Torquato, S.},
  year = {1996},
  month = nov,
  journal = {The Journal of Chemical Physics},
  volume = {105},
  number = {20},
  pages = {9258--9265},
  issn = {0021-9606, 1089-7690},
  doi = {10.1063/1.473004},
  langid = {english},
  file = {/Users/fergusmoore/Zotero/storage/T78GX3MS/Rintoul and Torquato - 1996 - Computer simulations of dense hard‐sphere systems.pdf}
}

@misc{riosdeanda2019,
  title = {Self-{{Assembly}} of {{Multiple Soft Matter Systems}}},
  author = {{Rios de Anda}, I.},
  year = {2019},
  publisher = {{PhD Dissertation, University of Bristol}},
  keywords = {thesis},
  file = {/Users/fergusmoore/Zotero/storage/MG2LY5G2/Self_Assembly_of_Multiple_Soft_Matter_Systems.pdf}
}

@article{robinson2020,
  title = {Efficacy of Face Coverings in Reducing Transmission of {{COVID-19}}: Calculations Based on Models of Droplet Capture},
  shorttitle = {Efficacy of Face Coverings in Reducing Transmission of {{COVID-19}}},
  author = {Robinson, Joshua F. and {de Anda}, Ioatzin Rios and Moore, Fergus J. and Reid, Jonathan P. and Sear, Richard P. and Royall, C. Patrick},
  year = {2020},
  month = aug,
  journal = {arXiv:2008.04995 [cond-mat, physics:physics]},
  eprint = {2008.04995},
  eprinttype = {arxiv},
  primaryclass = {cond-mat, physics:physics},
  archiveprefix = {arXiv},
  keywords = {Condensed Matter - Soft Condensed Matter,Physics - Biological Physics,Physics - Fluid Dynamics}
}

@article{rosales-pelaez2020,
  title = {Seeding Approach to Nucleation in the {{N V T}} Ensemble: {{The}} Case of Bubble Cavitation in Overstretched {{Lennard Jones}} Fluids},
  shorttitle = {Seeding Approach to Nucleation in the {{N V T}} Ensemble},
  author = {{Rosales-Pelaez}, P. and {Sanchez-Burgos}, I. and Valeriani, C. and Vega, C. and Sanz, E.},
  year = {2020},
  month = feb,
  journal = {Phys. Rev. E},
  volume = {101},
  number = {2},
  pages = {022611},
  issn = {2470-0045, 2470-0053},
  doi = {10.1103/PhysRevE.101.022611},
  langid = {english},
  file = {/Users/fergusmoore/Zotero/storage/UQG86DUL/Rosales-Pelaez et al. - 2020 - Seeding approach to nucleation in the N V T ensemb.pdf}
}

@article{rossi2005,
  title = {St\"ober Synthesis of Monodispersed Luminescent Silica Nanoparticles for Bioanalytical Assays},
  author = {Rossi, Liane M. and Shi, Lifang and Quina, Frank H. and Rosenzweig, Zeev},
  year = {2005},
  journal = {Langmuir},
  volume = {21},
  number = {10},
  pages = {4277--4280},
  issn = {0743-7463 (Print)},
  doi = {10.1021/la0504098},
  file = {/Users/fergusmoore/Zotero/storage/Q42J9KIB/Rossi et al. - 2005 - Stöber synthesis of monodispersed luminescent silica nanoparticles for bioanalytical assays.pdf}
}

@article{royall2007,
  title = {Nonequilibrium {{Sedimentation}} of {{Colloids}} on the {{Particle Scale}}},
  author = {Royall, C. Patrick and Dzubiella, Joachim and Schmidt, Matthias and {van Blaaderen}, Alfons},
  year = {2007},
  month = may,
  journal = {Phys. Rev. Lett.},
  volume = {98},
  number = {18},
  pages = {188304},
  issn = {0031-9007, 1079-7114},
  doi = {10.1103/PhysRevLett.98.188304},
  langid = {english},
  file = {/Users/fergusmoore/Zotero/storage/C2IIWRBK/Royall et al. - 2007 - Nonequilibrium Sedimentation of Colloids on the Pa.pdf}
}

@article{royall2007a,
  title = {Measuring Colloidal Interactions with Confocal Microscopy},
  author = {Royall, C. Patrick and Louis, Ard A. and Tanaka, Hajime},
  year = {2007},
  month = jul,
  journal = {The Journal of Chemical Physics},
  volume = {127},
  number = {4},
  pages = {044507},
  issn = {0021-9606, 1089-7690},
  doi = {10.1063/1.2755962},
  langid = {english},
  file = {/Users/fergusmoore/Zotero/storage/MW8X42UM/royall2007.pdf.pdf;/Users/fergusmoore/Zotero/storage/T72RA8CI/Royall et al. - 2007 - Measuring colloidal interactions with confocal mic.pdf}
}

@article{royall2008,
  title = {Direct Observation of a Local Structural Mechanism for Dynamic Arrest},
  author = {Patrick Royall, C. and Williams, Stephen R. and Ohtsuka, Takehiro and Tanaka, Hajime},
  year = {2008},
  journal = {Nature Materials},
  volume = {7},
  number = {7},
  pages = {556--561},
  issn = {1476-1122 (Print)\textbackslash r1476-1122 (Linking)},
  doi = {10.1038/nmat2219},
  file = {/Users/fergusmoore/Zotero/storage/A5NMUJ5G/Patrick Royall et al. - 2008 - Direct observation of a local structural mechanism for dynamic arrest.pdf}
}

@article{royall2015,
  title = {Strong Geometric Frustration in Model Glassformers},
  author = {Royall, C. Patrick and Malins, Alex and Dunleavy, Andrew J. and Pinney, Rhiannon},
  year = {2015},
  month = jan,
  journal = {Journal of Non-Crystalline Solids},
  series = {7th {{IDMRCS}}: {{Relaxation}} in {{Complex Systems}}},
  volume = {407},
  pages = {34--43},
  issn = {0022-3093},
  doi = {10.1016/j.jnoncrysol.2014.08.017},
  langid = {english},
  keywords = {Geometric frustration,Locally favoured structures,Model glassforming systems},
  file = {/Users/fergusmoore/Zotero/storage/BY4UFP35/Royall et al. - 2015 - Strong geometric frustration in model glassformers.pdf;/Users/fergusmoore/Zotero/storage/J3SH56HY/S0022309314004013.html}
}

@article{royall2015a,
  title = {The Role of Local Structure in Dynamical Arrest},
  author = {Royall, C. Patrick and Williams, Stephen R.},
  year = {2015},
  month = feb,
  journal = {Physics Reports},
  volume = {560},
  pages = {1--75},
  issn = {03701573},
  doi = {10.1016/j.physrep.2014.11.004},
  langid = {english},
  file = {/Users/fergusmoore/Zotero/storage/ZEQV6BE7/Royall and Williams - 2015 - The role of local structure in dynamical arrest.pdf}
}

@article{royall2021,
  title = {Real Space Analysis of Colloidal Gels: Triumphs, Challenges and Future Directions},
  shorttitle = {Real Space Analysis of Colloidal Gels},
  author = {Royall, C Patrick and Faers, Malcolm A and Fussell, Sian L and Hallett, James E},
  year = {2021},
  month = nov,
  journal = {J. Phys.: Condens. Matter},
  volume = {33},
  number = {45},
  pages = {453002},
  issn = {0953-8984, 1361-648X},
  doi = {10.1088/1361-648X/ac04cb},
  langid = {english},
  file = {/Users/fergusmoore/Zotero/storage/UYH7XUSZ/Royall et al. - 2021 - Real space analysis of colloidal gels triumphs, c.pdf}
}

@article{russo2010,
  title = {Nanoflows through Disordered Media: {{A}} Joint {{Lattice Boltzmann}} and {{Molecular Dynamics}} Investigation},
  author = {Russo, J. and Horbach, J. and Sciortino, Francesco and Succi, S.},
  year = {2010},
  journal = {Europhys. Lett. EPL},
  volume = {89},
  pages = {44001--44001},
  doi = {10.1209/0295-5075/89/44001},
  file = {/Users/fergusmoore/Zotero/storage/DUW8TJUI/Russo et al. - 2010 - Nanoflows through disordered media a joint Lattice Boltzmann and Molecular Dynamics investigation.pdf}
}

@article{russo2013,
  title = {The Interplay of Sedimentation and Crystallization in Hard-Sphere Suspensions},
  author = {Russo, John and Maggs, Anthony C. and Bonn, Daniel and Tanaka, Hajime},
  year = {2013},
  journal = {Soft Matter},
  volume = {9},
  number = {30},
  pages = {7369},
  issn = {1744-683X, 1744-6848},
  doi = {10.1039/c3sm50980j},
  langid = {english},
  file = {/Users/fergusmoore/Zotero/storage/D8PSUDNV/Russo et al. - 2013 - The interplay of sedimentation and crystallization.pdf}
}

@article{russo2015,
  title = {Assessing the Role of Static Length Scales behind Glassy Dynamics in Polydisperse Hard Disks},
  author = {Russo, John and Tanaka, Hajime},
  year = {2015},
  month = jun,
  journal = {Proc Natl Acad Sci USA},
  volume = {112},
  number = {22},
  pages = {6920--6924},
  issn = {0027-8424, 1091-6490},
  doi = {10.1073/pnas.1501911112},
  langid = {english},
  file = {/Users/fergusmoore/Zotero/storage/ML8MFP6W/Russo and Tanaka - 2015 - Assessing the role of static length scales behind .pdf}
}

@article{rycroft2009,
  title = {{{VORO}}++: {{A}} Three-Dimensional {{Voronoi}} Cell Library in {{C}}++},
  shorttitle = {{{VORO}}++},
  author = {Rycroft, Chris H.},
  year = {2009},
  month = oct,
  journal = {Chaos},
  volume = {19},
  number = {4},
  pages = {041111},
  publisher = {{American Institute of Physics}},
  issn = {1054-1500},
  doi = {10.1063/1.3215722},
  file = {/Users/fergusmoore/Zotero/storage/UL72UBR8/Rycroft - 2009 - VORO++ A three-dimensional Voronoi cell library i.pdf;/Users/fergusmoore/Zotero/storage/N22T8H9A/1.html}
}

@article{sakai2020,
  title = {Active {{Dipolar Colloids}} in {{Three Dimensions}}: {{Strings}}, {{Sheets}}, {{Labyrinthine Textures}} and {{Crystals}}},
  shorttitle = {Active {{Dipolar Colloids}} in {{Three Dimensions}}},
  author = {Saka{\"i}, Nariaki and Royall, C. Patrick},
  year = {2020},
  month = oct,
  journal = {arXiv:2010.03925 [cond-mat, physics:physics]},
  eprint = {2010.03925},
  eprinttype = {arxiv},
  primaryclass = {cond-mat, physics:physics},
  archiveprefix = {arXiv},
  langid = {english},
  keywords = {⛔ No DOI found,Condensed Matter - Materials Science,Condensed Matter - Soft Condensed Matter,Condensed Matter - Statistical Mechanics,Physics - Chemical Physics},
  file = {/Users/fergusmoore/Zotero/storage/KHCNP3C6/Sakaï and Royall - 2020 - Active Dipolar Colloids in Three Dimensions Strin.pdf}
}

@article{sanz2014,
  title = {Avalanches Mediate Crystallization in a Hard-Sphere Glass},
  author = {Sanz, E. and Valeriani, C. and Zaccarelli, E. and Poon, W. C. K. and Cates, M. E. and Pusey, P. N.},
  year = {2014},
  month = jan,
  journal = {Proceedings of the National Academy of Sciences},
  volume = {111},
  number = {1},
  pages = {75--80},
  issn = {0027-8424, 1091-6490},
  doi = {10.1073/pnas.1308338110},
  langid = {english},
  file = {/Users/fergusmoore/Zotero/storage/IQS8MNGT/Sanz et al. - 2014 - Avalanches mediate crystallization in a hard-spher.pdf}
}

@article{sastry2001,
  title = {The Relationship between Fragility, Con\textregistered gurational Entropy and the Potential Energy Landscape of Glass-Forming Liquids},
  author = {Sastry, Srikanth},
  year = {2001},
  volume = {409},
  pages = {4},
  langid = {english},
  file = {/Users/fergusmoore/Zotero/storage/4RCLQ79X/Sastry - 2001 - The relationship between fragility, con®gurational.pdf}
}

@article{saxton2012,
  title = {Wanted: {{A Positive Control}} for {{Anomalous Subdiffusion}}},
  shorttitle = {Wanted},
  author = {Saxton, Michael~J.},
  year = {2012},
  month = dec,
  journal = {Biophysical Journal},
  volume = {103},
  number = {12},
  pages = {2411--2422},
  issn = {00063495},
  doi = {10.1016/j.bpj.2012.10.038},
  langid = {english},
  file = {/Users/fergusmoore/Zotero/storage/I525APAD/Saxton - 2012 - Wanted A Positive Control for Anomalous Subdiffus.pdf}
}

@article{schaller2010,
  title = {Polar Patterns of Driven Filaments},
  author = {Schaller, Volker and Weber, Christoph and Semmrich, Christine and Frey, Erwin and Bausch, Andreas R.},
  year = {2010},
  month = sep,
  journal = {Nature},
  volume = {467},
  number = {7311},
  pages = {73--77},
  issn = {0028-0836, 1476-4687},
  doi = {10.1038/nature09312},
  langid = {english},
  file = {/Users/fergusmoore/Zotero/storage/3Z8Z9CCL/Schaller et al. - 2010 - Polar patterns of driven filaments.pdf}
}

@article{schilling2010,
  title = {Precursor-{{Mediated Crystallization Process}} in {{Suspensions}} of {{Hard Spheres}}},
  author = {Schilling, T. and Sch{\"o}pe, H. J. and Oettel, M. and Opletal, G. and Snook, I.},
  year = {2010},
  month = jul,
  journal = {Phys. Rev. Lett.},
  volume = {105},
  number = {2},
  pages = {025701},
  publisher = {{American Physical Society}},
  doi = {10.1103/PhysRevLett.105.025701},
  file = {/Users/fergusmoore/Zotero/storage/4AZWFINT/Schilling et al. - 2010 - Precursor-Mediated Crystallization Process in Susp.pdf;/Users/fergusmoore/Zotero/storage/83YASSG7/PhysRevLett.105.html}
}

@article{schindelin2012,
  title = {Fiji: An Open-Source Platform for Biological-Image Analysis},
  shorttitle = {Fiji},
  author = {Schindelin, Johannes and {Arganda-Carreras}, Ignacio and Frise, Erwin and Kaynig, Verena and Longair, Mark and Pietzsch, Tobias and Preibisch, Stephan and Rueden, Curtis and Saalfeld, Stephan and Schmid, Benjamin and Tinevez, Jean-Yves and White, Daniel James and Hartenstein, Volker and Eliceiri, Kevin and Tomancak, Pavel and Cardona, Albert},
  year = {2012},
  month = jul,
  journal = {Nat Methods},
  volume = {9},
  number = {7},
  pages = {676--682},
  issn = {1548-7091, 1548-7105},
  doi = {10.1038/nmeth.2019},
  langid = {english},
  file = {/Users/fergusmoore/Zotero/storage/NKZM6WW2/Schindelin et al. - 2012 - Fiji an open-source platform for biological-image.pdf}
}

@article{shilov2000,
  title = {Polarization of the {{Electrical Double Layer}}. {{Time Evolution}} after {{Application}} of an {{Electric Field}}},
  author = {Shilov, V.N. and Delgado, A.V. and {Gonz{\'a}lez-Caballero}, F. and Horno, J. and {L{\'o}pez-Garc{\'i}a}, J.J. and Grosse, C.},
  year = {2000},
  month = dec,
  journal = {Journal of Colloid and Interface Science},
  volume = {232},
  number = {1},
  pages = {141--148},
  issn = {00219797},
  doi = {10.1006/jcis.2000.7152},
  langid = {english},
  file = {/Users/fergusmoore/Zotero/storage/4GNC7LLI/Shilov et al. - 2000 - Polarization of the Electrical Double Layer. Time .pdf}
}

@article{siebert2017,
  title = {Phase Behavior of Active {{Brownian}} Disks, Spheres, and Dimers},
  author = {Siebert, Jonathan Tammo and Letz, Janina and Speck, Thomas and Virnau, Peter},
  year = {2017},
  journal = {Soft Matter},
  volume = {13},
  number = {5},
  pages = {1020--1026},
  issn = {1744-683X, 1744-6848},
  doi = {10.1039/C6SM02622B},
  langid = {english},
  file = {/Users/fergusmoore/Zotero/storage/2MZHPYXD/Siebert et al. - 2017 - Phase behavior of active Brownian disks, spheres, .pdf}
}

@article{siebert2017a,
  title = {Phase Behavior of Active {{Brownian}} Disks, Spheres, and Dimers},
  author = {Siebert, Jonathan Tammo and Letz, Janina and Speck, Thomas and Virnau, Peter},
  year = {2017},
  journal = {Soft Matter},
  volume = {13},
  number = {5},
  pages = {1020--1026},
  issn = {1744-683X, 1744-6848},
  doi = {10.1039/C6SM02622B},
  langid = {english},
  file = {/Users/fergusmoore/Zotero/storage/S3ZEWDJX/Siebert et al. - 2017 - Phase behavior of active Brownian disks, spheres, .pdf}
}

@article{sipos2015,
  title = {Hydrodynamic {{Trapping}} of {{Swimming Bacteria}} by {{Convex Walls}}},
  author = {Sipos, O. and Nagy, K. and Di Leonardo, R. and Galajda, P.},
  year = {2015},
  month = jun,
  journal = {Phys. Rev. Lett.},
  volume = {114},
  number = {25},
  pages = {258104},
  issn = {0031-9007, 1079-7114},
  doi = {10.1103/PhysRevLett.114.258104},
  langid = {english},
  file = {/Users/fergusmoore/Zotero/storage/3JXPM49Z/sipos2015.pdf.pdf;/Users/fergusmoore/Zotero/storage/HRSQ6TW6/Sipos et al. - 2015 - Hydrodynamic Trapping of Swimming Bacteria by Conv.pdf}
}

@article{skinner2013,
  title = {Localization Dynamics of Fluids in Random Confinement},
  author = {Skinner, Thomas O.E. and Schnyder, Simon K. and Aarts, Dirk G.A.L. and Horbach, J{\"u}rgen and Dullens, Roel P.A.},
  year = {2013},
  journal = {Physical Review Letters},
  volume = {111},
  number = {12},
  pages = {1--5},
  doi = {10.1103/PhysRevLett.111.128301},
  file = {/Users/fergusmoore/Zotero/storage/C5ID4YCQ/PhysRevLett.111.128301.pdf}
}

@article{sokolov2012,
  title = {Models of Anomalous Diffusion in Crowded Environments},
  author = {Sokolov, Igor M.},
  year = {2012},
  journal = {Soft Matter},
  volume = {8},
  number = {35},
  pages = {9043},
  issn = {1744-683X, 1744-6848},
  doi = {10.1039/c2sm25701g},
  langid = {english},
  file = {/Users/fergusmoore/Zotero/storage/MN4UB5KX/Sokolov - 2012 - Models of anomalous diffusion in crowded environme.pdf}
}

@article{solon2013,
  title = {Revisiting the {{Flocking Transition Using Active Spins}}},
  author = {Solon, A. P. and Tailleur, J.},
  year = {2013},
  month = aug,
  journal = {Phys. Rev. Lett.},
  volume = {111},
  number = {7},
  pages = {078101},
  issn = {0031-9007, 1079-7114},
  doi = {10.1103/PhysRevLett.111.078101},
  langid = {english},
  file = {/Users/fergusmoore/Zotero/storage/W6ZLJKHU/Solon and Tailleur - 2013 - Revisiting the Flocking Transition Using Active Sp.pdf}
}

@article{solon2015,
  title = {Pressure and {{Phase Equilibria}} in {{Interacting Active Brownian Spheres}}},
  author = {Solon, Alexandre P. and Stenhammar, Joakim and Wittkowski, Raphael and Kardar, Mehran and Kafri, Yariv and Cates, Michael E. and Tailleur, Julien},
  year = {2015},
  month = may,
  journal = {Phys. Rev. Lett.},
  volume = {114},
  number = {19},
  pages = {198301},
  issn = {0031-9007, 1079-7114},
  doi = {10.1103/PhysRevLett.114.198301},
  langid = {english},
  file = {/Users/fergusmoore/Zotero/storage/72E6TSTZ/Solon et al. - 2015 - Pressure and Phase Equilibria in Interacting Activ.pdf;/Users/fergusmoore/Zotero/storage/QJ7SZIYH/solon2015.pdf.pdf}
}

@article{solon2015a,
  title = {Pressure and {{Phase Equilibria}} in {{Interacting Active Brownian Spheres}}},
  author = {Solon, Alexandre P. and Stenhammar, Joakim and Wittkowski, Raphael and Kardar, Mehran and Kafri, Yariv and Cates, Michael E. and Tailleur, Julien},
  year = {2015},
  month = may,
  journal = {Phys. Rev. Lett.},
  volume = {114},
  number = {19},
  pages = {198301},
  issn = {0031-9007, 1079-7114},
  doi = {10.1103/PhysRevLett.114.198301},
  langid = {english},
  file = {/Users/fergusmoore/Zotero/storage/IIERWKFV/solon2015.pdf.pdf;/Users/fergusmoore/Zotero/storage/MNTDQ2IZ/Solon et al. - 2015 - Pressure and Phase Equilibria in Interacting Activ.pdf}
}

@article{solon2015b,
  title = {Pressure Is Not a State Function for Generic Active Fluids},
  author = {Solon, A. P. and Fily, Y. and Baskaran, A. and Cates, M. E. and Kafri, Y. and Kardar, M. and Tailleur, J.},
  year = {2015},
  month = aug,
  journal = {Nature Phys},
  volume = {11},
  number = {8},
  pages = {673--678},
  issn = {1745-2473, 1745-2481},
  doi = {10.1038/nphys3377},
  langid = {english},
  file = {/Users/fergusmoore/Zotero/storage/8V7HQLDG/Solon et al. - 2015 - Pressure is not a state function for generic activ.pdf}
}

@article{solon2018,
  title = {Generalized Thermodynamics of Motility-Induced Phase Separation: Phase Equilibria, {{Laplace}} Pressure, and Change of Ensembles},
  shorttitle = {Generalized Thermodynamics of Motility-Induced Phase Separation},
  author = {Solon, Alexandre P and Stenhammar, Joakim and Cates, Michael E and Kafri, Yariv and Tailleur, Julien},
  year = {2018},
  month = jul,
  journal = {New J. Phys.},
  volume = {20},
  number = {7},
  pages = {075001},
  issn = {1367-2630},
  doi = {10.1088/1367-2630/aaccdd},
  langid = {english},
  file = {/Users/fergusmoore/Zotero/storage/94VRSU6C/Solon et al. - 2018 - Generalized thermodynamics of motility-induced pha.pdf}
}

@article{souslov2017,
  title = {Topological Sound in Active-Liquid Metamaterials},
  author = {Souslov, Anton and {van Zuiden}, Benjamin C. and Bartolo, Denis and Vitelli, Vincenzo},
  year = {2017},
  month = nov,
  journal = {Nature Phys},
  volume = {13},
  number = {11},
  pages = {1091--1094},
  issn = {1745-2473, 1745-2481},
  doi = {10.1038/nphys4193},
  langid = {english},
  file = {/Users/fergusmoore/Zotero/storage/94HZZMEP/Souslov et al. - 2017 - Topological sound in active-liquid metamaterials.pdf}
}

@article{spanner2011,
  title = {Anomalous Transport of a Tracer on Percolating Clusters},
  author = {Spanner, Markus and H{\"o}fling, Felix and {Schr{\"o}der-Turk}, Gerd E and Mecke, Klaus and Franosch, Thomas},
  year = {2011},
  month = jun,
  journal = {J. Phys.: Condens. Matter},
  volume = {23},
  number = {23},
  pages = {234120},
  issn = {0953-8984, 1361-648X},
  doi = {10.1088/0953-8984/23/23/234120},
  langid = {english},
  file = {/Users/fergusmoore/Zotero/storage/YVVMMCUP/Spanner et al. - 2011 - Anomalous transport of a tracer on percolating clu.pdf}
}

@article{spanner2013,
  title = {Dynamic Arrest in Model Porous Media - {{Intermediate}} Scattering Functions},
  author = {Spanner, Markus and Schnyder, Simon K. and H{\"o}fling, Felix and Voigtmann, Thomas and Franosch, Thomas},
  year = {2013},
  journal = {Soft Matter},
  volume = {9},
  number = {5},
  pages = {1604--1611},
  doi = {10.1039/c2sm27060a}
}

@article{speck2014,
  title = {Effective {{Cahn-Hilliard Equation}} for the {{Phase Separation}} of {{Active Brownian Particles}}},
  author = {Speck, Thomas and Bialk{\'e}, Julian and Menzel, Andreas M. and L{\"o}wen, Hartmut},
  year = {2014},
  month = may,
  journal = {Phys. Rev. Lett.},
  volume = {112},
  number = {21},
  pages = {218304},
  issn = {0031-9007, 1079-7114},
  doi = {10.1103/PhysRevLett.112.218304},
  langid = {english},
  file = {/Users/fergusmoore/Zotero/storage/8Z3VHACQ/Speck et al. - 2014 - Effective Cahn-Hilliard Equation for the Phase Sep.pdf}
}

@article{speck2016,
  title = {Ideal Bulk Pressure of Active {{Brownian}} Particles},
  author = {Speck, Thomas and Jack, Robert L.},
  year = {2016},
  month = jun,
  journal = {Phys. Rev. E},
  volume = {93},
  number = {6},
  pages = {062605},
  issn = {2470-0045, 2470-0053},
  doi = {10.1103/PhysRevE.93.062605},
  langid = {english},
  file = {/Users/fergusmoore/Zotero/storage/JRX7M8VJ/speck2016.pdf.pdf;/Users/fergusmoore/Zotero/storage/ZYNT3RSU/Speck and Jack - 2016 - Ideal bulk pressure of active Brownian particles.pdf}
}

@article{squires2006,
  title = {Breaking Symmetries in Induced-Charge Electro-Osmosis and Electrophoresis},
  author = {Squires, Todd M. and Bazant, Martin Z.},
  year = {2006},
  month = aug,
  journal = {J. Fluid Mech.},
  volume = {560},
  pages = {65},
  issn = {0022-1120, 1469-7645},
  doi = {10.1017/S0022112006000371},
  langid = {english},
  file = {/Users/fergusmoore/Zotero/storage/SYVX95LH/Squires and Bazant - 2006 - Breaking symmetries in induced-charge electro-osmo.pdf}
}

@article{stenhammar2013,
  title = {Continuum {{Theory}} of {{Phase Separation Kinetics}} for {{Active Brownian Particles}}},
  author = {Stenhammar, Joakim and Tiribocchi, Adriano and Allen, Rosalind J. and Marenduzzo, Davide and Cates, Michael E.},
  year = {2013},
  month = oct,
  journal = {Phys. Rev. Lett.},
  volume = {111},
  number = {14},
  pages = {145702},
  issn = {0031-9007, 1079-7114},
  doi = {10.1103/PhysRevLett.111.145702},
  langid = {english},
  file = {/Users/fergusmoore/Zotero/storage/PAHCL88F/Stenhammar et al. - 2013 - Continuum Theory of Phase Separation Kinetics for .pdf}
}

@article{stenhammar2014,
  title = {Phase Behaviour of Active {{Brownian}} Particles: {{The}} Role of Dimensionality},
  shorttitle = {Phase Behaviour of Active {{Brownian}} Particles},
  author = {Stenhammar, Joakim and Marenduzzo, Davide and Allen, Rosalind J. and Cates, Michael E.},
  year = {2014},
  journal = {Soft Matter},
  volume = {10},
  number = {10},
  pages = {1489--1499},
  issn = {1744-683X, 1744-6848},
  doi = {10.1039/C3SM52813H}
}

@article{stenhammar2014a,
  title = {Phase Behaviour of Active {{Brownian}} Particles: The Role of Dimensionality},
  shorttitle = {Phase Behaviour of Active {{Brownian}} Particles},
  author = {Stenhammar, Joakim and Marenduzzo, Davide and Allen, Rosalind J. and Cates, Michael E.},
  year = {2014},
  journal = {Soft Matter},
  volume = {10},
  number = {10},
  pages = {1489--1499},
  issn = {1744-683X, 1744-6848},
  doi = {10.1039/C3SM52813H},
  langid = {english},
  file = {/Users/fergusmoore/Zotero/storage/AB5XBGMK/Stenhammar et al. - 2014 - Phase behaviour of active Brownian particles the .pdf}
}

@article{stober1968,
  title = {Controlled {{Growth}} of {{Monodispersed Silica Spheres}} in the {{Micron Size Range}}},
  author = {Stober, W and Fink, A},
  year = {1968},
  journal = {Journal of Colloid and Interface Science},
  volume = {26},
  pages = {62--69},
  keywords = {Stober Method silica particles precipitation monod},
  file = {/Users/fergusmoore/Zotero/storage/R9XS2KB9/1-s2.0-0021979768902725-main.pdf}
}

@article{stoop2018,
  title = {Clogging and Jamming of Colloidal Monolayers Driven across Disordered Landscapes},
  author = {Stoop, Ralph L. and Tierno, Pietro},
  year = {2018},
  month = dec,
  journal = {Commun Phys},
  volume = {1},
  number = {1},
  pages = {68},
  issn = {2399-3650},
  doi = {10.1038/s42005-018-0068-6},
  langid = {english},
  file = {/Users/fergusmoore/Zotero/storage/84S4T8GR/Stoop and Tierno - 2018 - Clogging and jamming of colloidal monolayers drive.pdf}
}

@article{su2022,
  title = {Activity-Induced {{Nonequilibrium Vaporization Leads}} to {{Reentrant Phase Separation}}},
  author = {Su, Jie and Feng, Mengkai and Jiang, Huijun and Hou, Zhonghuai},
  year = {2022},
  month = mar,
  journal = {arXiv:2203.16848 [cond-mat]},
  eprint = {2203.16848},
  eprinttype = {arxiv},
  primaryclass = {cond-mat},
  archiveprefix = {arXiv},
  keywords = {Condensed Matter - Soft Condensed Matter,Condensed Matter - Statistical Mechanics},
  file = {/Users/fergusmoore/Zotero/storage/Z6HACRCX/Su et al. - 2022 - Activity-induced Nonequilibrium Vaporization Leads.pdf;/Users/fergusmoore/Zotero/storage/I89P68H8/2203.html}
}

@article{szamel2013,
  title = {Glassy Dynamics of Partially Pinned Fluids: {{An}} Alternative Mode-Coupling Approach},
  shorttitle = {Glassy Dynamics of Partially Pinned Fluids},
  author = {Szamel, Grzegorz and Flenner, Elijah},
  year = {2013},
  month = mar,
  journal = {EPL},
  volume = {101},
  number = {6},
  pages = {66005},
  issn = {0295-5075, 1286-4854},
  doi = {10.1209/0295-5075/101/66005},
  langid = {english},
  file = {/Users/fergusmoore/Zotero/storage/98QS9IQB/Szamel and Flenner - 2013 - Glassy dynamics of partially pinned fluids An alt.pdf}
}

@article{szamel2015,
  title = {Glassy Dynamics of Athermal Self-Propelled Particles: {{Computer}} Simulations and a Nonequilibrium Microscopic Theory},
  author = {Szamel, Grzegorz and Flenner, Elijah and Berthier, Ludovic},
  year = {2015},
  journal = {Phys. Rev. E},
  pages = {8},
  doi = {10.1103/PhysRevE.91.062304},
  langid = {english},
  file = {/Users/fergusmoore/Zotero/storage/ZM3IZ5EN/Szamel et al. - 2015 - Glassy dynamics of athermal self-propelled particl.pdf}
}

@article{szamel2016,
  title = {Theory for the Dynamics of Dense Systems of Athermal Self-Propelled Particles},
  author = {Szamel, Grzegorz},
  year = {2016},
  month = jan,
  journal = {Phys. Rev. E},
  volume = {93},
  number = {1},
  pages = {012603},
  issn = {2470-0045, 2470-0053},
  doi = {10.1103/PhysRevE.93.012603},
  langid = {english},
  file = {/Users/fergusmoore/Zotero/storage/8PTQ3YX5/Szamel - 2016 - Theory for the dynamics of dense systems of atherm.pdf;/Users/fergusmoore/Zotero/storage/S2DUYVDV/szamel2016.pdf.pdf}
}

@article{taffs2010,
  title = {The Effect of Attractions on the Local Structure of Liquids and Colloidal Fluids},
  author = {Taffs, Jade and Malins, Alex and Williams, Stephen R and Royall, C Patrick},
  year = {2010},
  journal = {J Chem Phys},
  pages = {9},
  doi = {10.1063/1.3516210},
  langid = {english},
  file = {/Users/fergusmoore/Zotero/storage/JUT9BIGD/Taffs et al. - 2010 - The effect of attractions on the local structure o.pdf}
}

@article{taffs2010a,
  title = {A Structural Comparison of Models of Colloid\textendash Polymer Mixtures},
  author = {Taffs, Jade and Malins, Alex and Williams, Stephen R and Royall, C Patrick},
  year = {2010},
  month = mar,
  journal = {J. Phys.: Condens. Matter},
  volume = {22},
  number = {10},
  pages = {104119},
  issn = {0953-8984, 1361-648X},
  doi = {10.1088/0953-8984/22/10/104119},
  langid = {english},
  file = {/Users/fergusmoore/Zotero/storage/N763AFZC/Taffs et al. - 2010 - A structural comparison of models of colloid–polym.pdf}
}

@article{taffs2013,
  title = {Structure and Kinetics in the Freezing of Nearly Hard Spheres},
  author = {Taffs, Jade and R. Williams, Stephen and Tanaka, Hajime and Patrick Royall, C.},
  year = {2013},
  journal = {Soft Matter},
  volume = {9},
  number = {1},
  pages = {297--305},
  publisher = {{Royal Society of Chemistry}},
  doi = {10.1039/C2SM26473K},
  langid = {english},
  file = {/Users/fergusmoore/Zotero/storage/HWHVRZRD/Taffs et al. - 2013 - Structure and kinetics in the freezing of nearly h.pdf;/Users/fergusmoore/Zotero/storage/JAWRVIWG/c2sm26473k.html}
}

@article{tailleur2008,
  title = {Statistical {{Mechanics}} of {{Interacting Run-and-Tumble Bacteria}}},
  author = {Tailleur, J. and Cates, M. E.},
  year = {2008},
  month = may,
  journal = {Phys. Rev. Lett.},
  volume = {100},
  number = {21},
  pages = {218103},
  issn = {0031-9007, 1079-7114},
  doi = {10.1103/PhysRevLett.100.218103},
  langid = {english},
  file = {/Users/fergusmoore/Zotero/storage/WFSDHSL5/Tailleur and Cates - 2008 - Statistical Mechanics of Interacting Run-and-Tumbl.pdf}
}

@article{takatori2015,
  title = {Towards a Thermodynamics of Active Matter},
  author = {Takatori, S. C. and Brady, J. F.},
  year = {2015},
  month = mar,
  journal = {Phys. Rev. E},
  volume = {91},
  number = {3},
  pages = {032117},
  issn = {1539-3755, 1550-2376},
  doi = {10.1103/PhysRevE.91.032117},
  langid = {english},
  file = {/Users/fergusmoore/Zotero/storage/7A3J5DDC/takatori2015.pdf.pdf;/Users/fergusmoore/Zotero/storage/DBAE3372/Takatori and Brady - 2015 - Towards a thermodynamics of active matter.pdf}
}

@article{tanaka2000,
  title = {Viscoelastic Phase Separation},
  author = {Tanaka, Hajime},
  year = {2000},
  month = apr,
  journal = {J. Phys.: Condens. Matter},
  volume = {12},
  number = {15},
  pages = {R207-R264},
  issn = {0953-8984, 1361-648X},
  doi = {10.1088/0953-8984/12/15/201},
  langid = {english},
  file = {/Users/fergusmoore/Zotero/storage/XYRQVLHL/Tanaka - 2000 - Viscoelastic phase separation.pdf}
}

@article{tarantola2019,
  title = {Physics Meets Medicine - {{At}} the Heart of Active Matter},
  author = {Tarantola, Marco and Meyer, Tim and Schmidt, Christoph F. and Zimmermann, Wolfram-Hubertus},
  year = {2019},
  month = jul,
  journal = {Progress in Biophysics and Molecular Biology},
  volume = {144},
  pages = {1--2},
  issn = {00796107},
  doi = {10.1016/j.pbiomolbio.2019.03.009},
  langid = {english},
  file = {/Users/fergusmoore/Zotero/storage/5TPZPZLB/10.1016@j.pbiomolbio.2019.03.009.pdf.pdf;/Users/fergusmoore/Zotero/storage/TK3JUYVZ/Tarantola et al. - 2019 - Physics meets medicine - At the heart of active ma.pdf}
}

@article{tateno2019,
  title = {Influence of {{Hydrodynamic Interactions}} on {{Colloidal Crystallization}}},
  author = {Tateno, Michio and Yanagishima, Taiki and Russo, John and Tanaka, Hajime},
  year = {2019},
  month = dec,
  journal = {Phys. Rev. Lett.},
  volume = {123},
  number = {25},
  pages = {258002},
  issn = {0031-9007, 1079-7114},
  doi = {10.1103/PhysRevLett.123.258002},
  langid = {english},
  file = {/Users/fergusmoore/Zotero/storage/6NALVFIF/Tateno et al. - 2019 - Influence of Hydrodynamic Interactions on Colloida.pdf}
}

@article{testard2011,
  title = {Influence of the {{Glass Transition}} on the {{Liquid-Gas Spinodal Decomposition}}},
  author = {Testard, Vincent and Berthier, Ludovic and Kob, Walter},
  year = {2011},
  month = mar,
  journal = {Phys. Rev. Lett.},
  volume = {106},
  number = {12},
  pages = {125702},
  issn = {0031-9007, 1079-7114},
  doi = {10.1103/PhysRevLett.106.125702},
  langid = {english},
  keywords = {unread},
  file = {/Users/fergusmoore/Zotero/storage/EPII6QGJ/Testard et al. - 2011 - Influence of the Glass Transition on the Liquid-Ga.pdf}
}

@article{theurkauff2012,
  title = {Dynamic {{Clustering}} in {{Active Colloidal Suspensions}} with {{Chemical Signaling}}},
  author = {Theurkauff, I. and {Cottin-Bizonne}, C. and Palacci, J. and Ybert, C. and Bocquet, L.},
  year = {2012},
  month = jun,
  journal = {Phys. Rev. Lett.},
  volume = {108},
  number = {26},
  pages = {268303},
  publisher = {{American Physical Society}},
  doi = {10.1103/PhysRevLett.108.268303},
  file = {/Users/fergusmoore/Zotero/storage/MVH7HBVF/Theurkauff et al. - 2012 - Dynamic Clustering in Active Colloidal Suspensions.pdf;/Users/fergusmoore/Zotero/storage/VR6FZEIA/PhysRevLett.108.html}
}

@article{tjhung2018,
  title = {Cluster {{Phases}} and {{Bubbly Phase Separation}} in {{Active Fluids}}: {{Reversal}} of the {{Ostwald Process}}},
  shorttitle = {Cluster {{Phases}} and {{Bubbly Phase Separation}} in {{Active Fluids}}},
  author = {Tjhung, Elsen and Nardini, Cesare and Cates, Michael E.},
  year = {2018},
  month = sep,
  journal = {Phys. Rev. X},
  volume = {8},
  number = {3},
  pages = {031080},
  publisher = {{American Physical Society}},
  doi = {10.1103/PhysRevX.8.031080},
  file = {/Users/fergusmoore/Zotero/storage/Y6YQ4MNL/Tjhung et al. - 2018 - Cluster Phases and Bubbly Phase Separation in Acti.pdf;/Users/fergusmoore/Zotero/storage/M36L36SQ/PhysRevX.8.html}
}

@article{tjhung2018a,
  title = {Cluster {{Phases}} and {{Bubbly Phase Separation}} in {{Active Fluids}}: {{Reversal}} of the {{Ostwald Process}}},
  shorttitle = {Cluster {{Phases}} and {{Bubbly Phase Separation}} in {{Active Fluids}}},
  author = {Tjhung, Elsen and Nardini, Cesare and Cates, Michael E.},
  year = {2018},
  month = sep,
  journal = {Phys. Rev. X},
  volume = {8},
  number = {3},
  pages = {031080},
  issn = {2160-3308},
  doi = {10.1103/PhysRevX.8.031080},
  langid = {english},
  file = {/Users/fergusmoore/Zotero/storage/N8JM2BQH/Tjhung et al. - 2018 - Cluster Phases and Bubbly Phase Separation in Acti.pdf}
}

@article{tokita2016,
  title = {Transport {{Phenomena}} in {{Gel}}},
  author = {Tokita, Masayuki},
  year = {2016},
  month = may,
  journal = {Gels},
  volume = {2},
  number = {2},
  pages = {17},
  issn = {2310-2861},
  doi = {10.3390/gels2020017},
  langid = {english},
  file = {/Users/fergusmoore/Zotero/storage/VE5KIRXK/Tokita - 2016 - Transport Phenomena in Gel.pdf}
}

@article{toner1995,
  title = {Long-{{Range Order}} in a {{Two-Dimensional Dynamical XY Model}}: {{How Birds Fly Together}}},
  shorttitle = {Long-{{Range Order}} in a {{Two-Dimensional Dynamical XY Model}}},
  author = {Toner, John and Tu, Yuhai},
  year = {1995},
  month = dec,
  journal = {Phys. Rev. Lett.},
  volume = {75},
  number = {23},
  pages = {4326--4329},
  issn = {0031-9007, 1079-7114},
  doi = {10.1103/PhysRevLett.75.4326},
  langid = {english},
  file = {/Users/fergusmoore/Zotero/storage/S5KSCKC6/Toner and Tu - 1995 - Long-Range Order in a Two-Dimensional Dynamical XY.pdf}
}

@article{toner1998,
  title = {Flocks, Herds, and Schools: {{A}} Quantitative Theory of Flocking},
  shorttitle = {Flocks, Herds, and Schools},
  author = {Toner, John and Tu, Yuhai},
  year = {1998},
  month = oct,
  journal = {Phys. Rev. E},
  volume = {58},
  number = {4},
  pages = {4828--4858},
  issn = {1063-651X, 1095-3787},
  doi = {10.1103/PhysRevE.58.4828},
  langid = {english},
  file = {/Users/fergusmoore/Zotero/storage/7DQ5DU6Y/Toner and Tu - 1998 - Flocks, herds, and schools A quantitative theory .pdf;/Users/fergusmoore/Zotero/storage/J27Z5Z2R/toner1998.pdf.pdf}
}

@article{toner2005,
  title = {Hydrodynamics and Phases of Flocks},
  author = {Toner, John and Tu, Yuhai and Ramaswamy, Sriram},
  year = {2005},
  month = jul,
  journal = {Annals of Physics},
  volume = {318},
  number = {1},
  pages = {170--244},
  issn = {00034916},
  doi = {10.1016/j.aop.2005.04.011},
  langid = {english},
  file = {/Users/fergusmoore/Zotero/storage/NKBGHGPE/Toner et al. - 2005 - Hydrodynamics and phases of flocks.pdf}
}

@article{torquato,
  title = {Chord-Length Distribution Function for Two-Phase Random Media},
  author = {Torquato, S and Lu, B},
  pages = {4},
  langid = {english},
  file = {/Users/fergusmoore/Zotero/storage/75H3QQ5Z/Torquato and Lu - Chord-length distribution function for two-phase r.pdf}
}

@article{torquato1991,
  title = {Diffusion and Reaction in Heterogeneous Media: {{Pore}} Size Distribution, Relaxation Times, and Mean Survival Time},
  shorttitle = {Diffusion and Reaction in Heterogeneous Media},
  author = {Torquato, S. and Avellaneda, M.},
  year = {1991},
  month = nov,
  journal = {The Journal of Chemical Physics},
  volume = {95},
  number = {9},
  pages = {6477--6489},
  issn = {0021-9606, 1089-7690},
  doi = {10.1063/1.461519},
  langid = {english},
  file = {/Users/fergusmoore/Zotero/storage/AD7QGNEQ/Torquato and Avellaneda - 1991 - Diffusion and reaction in heterogeneous media Por.pdf}
}

@article{tuinier2000,
  title = {Depletion Interaction between Spheres Immersed in a Solution of Ideal Polymer Chains},
  author = {Tuinier, Remco and Vliegenthart, Gerrit A. and Lekkerkerker, Henk N. W.},
  year = {2000},
  month = dec,
  journal = {The Journal of Chemical Physics},
  volume = {113},
  number = {23},
  pages = {10768--10775},
  issn = {0021-9606, 1089-7690},
  doi = {10.1063/1.1323977},
  langid = {english},
  file = {/Users/fergusmoore/Zotero/storage/8SK54S7L/tuinier2000.pdf#view=FitH.pdf;/Users/fergusmoore/Zotero/storage/ILQW4A44/Tuinier et al. - 2000 - Depletion interaction between spheres immersed in .pdf}
}

@article{turci2021,
  title = {Phase {{Separation}} and {{Multibody Effects}} in {{Three-Dimensional Active Brownian Particles}}},
  author = {Turci, Francesco and Wilding, Nigel B.},
  year = {2021},
  month = jan,
  journal = {Phys. Rev. Lett.},
  volume = {126},
  number = {3},
  pages = {038002},
  issn = {0031-9007, 1079-7114},
  doi = {10.1103/PhysRevLett.126.038002},
  langid = {english},
  file = {/Users/fergusmoore/Zotero/storage/NJGRWIUF/Turci and Wilding - 2021 - Phase Separation and Multibody Effects in Three-Di.pdf;/Users/fergusmoore/Zotero/storage/SWSW4W4Z/turci2021.pdf.pdf}
}

@article{valeriani2012,
  title = {From Compact to Fractal Crystalline Clusters in Concentrated Systems of Monodisperse Hard Spheres},
  author = {Valeriani, Chantal and Sanz, Eduardo and N. Pusey, Peter and K. Poon, Wilson C. and E. Cates, Michael and Zaccarelli, Emanuela},
  year = {2012},
  journal = {Soft Matter},
  volume = {8},
  number = {18},
  pages = {4960--4970},
  publisher = {{Royal Society of Chemistry}},
  doi = {10.1039/C2SM25121C},
  langid = {english},
  file = {/Users/fergusmoore/Zotero/storage/KLP5GZZ3/Valeriani et al. - 2012 - From compact to fractal crystalline clusters in co.pdf;/Users/fergusmoore/Zotero/storage/Q3JPNFII/c2sm25121c.html}
}

@article{vanbeijeren1982,
  title = {Transport Properties of Stochastic {{Lorentz}} Models},
  author = {{van Beijeren}, Henk},
  year = {1982},
  month = jan,
  journal = {Rev. Mod. Phys.},
  volume = {54},
  number = {1},
  pages = {195--234},
  issn = {0034-6861},
  doi = {10.1103/RevModPhys.54.195},
  langid = {english},
  file = {/Users/fergusmoore/Zotero/storage/77ICNDF5/van Beijeren - 1982 - Transport properties of stochastic Lorentz models.pdf;/Users/fergusmoore/Zotero/storage/82P5GPQT/vanbeijeren1982.pdf.pdf}
}

@article{vanblaaderen1992,
  title = {Synthesis and Characterization of Colloidal Dispersions of Fluorescent, Monodisperse Silica Spheres},
  author = {Van Blaaderen, A. and Vrij, A.},
  year = {1992},
  month = dec,
  journal = {Langmuir},
  volume = {8},
  number = {12},
  pages = {2921--2931},
  doi = {10.1021/la00048a013},
  file = {/Users/fergusmoore/Zotero/storage/NPQ3HD37/van Blaaderen, Vrij - 1992 - Synthesis and Characterization of Colloidal Dispersions of Fluorescent, Monodisperse Silica Spheres.pdf}
}

@article{vanblaaderen1992a,
  title = {Monodisperse Colloidal Silica Spheres from Tetraalkoxysilanes: {{Particle}} Formation and Growth Mechanism},
  shorttitle = {Monodisperse Colloidal Silica Spheres from Tetraalkoxysilanes},
  author = {Van Blaaderen, A and Van Geest, J and Vrij, A},
  year = {1992},
  month = dec,
  journal = {Journal of Colloid and Interface Science},
  volume = {154},
  number = {2},
  pages = {481--501},
  issn = {00219797},
  doi = {10.1016/0021-9797(92)90163-G},
  langid = {english},
  file = {/Users/fergusmoore/Zotero/storage/EBP79ZZJ/Van Blaaderen et al. - 1992 - Monodisperse colloidal silica spheres from tetraal.pdf}
}

@article{vanderlinden2019,
  title = {Interrupted {{Motility Induced Phase Separation}} in {{Aligning Active Colloids}}},
  author = {{van der Linden}, Marjolein N. and Alexander, Lachlan C. and Aarts, Dirk G. A. L. and Dauchot, Olivier},
  options = {useprefix=true},
  year = {2019},
  month = aug,
  journal = {Phys. Rev. Lett.},
  volume = {123},
  number = {9},
  pages = {098001},
  publisher = {{American Physical Society}},
  doi = {10.1103/PhysRevLett.123.098001},
  file = {/Users/fergusmoore/Zotero/storage/RRKEW2H5/van der Linden et al. - 2019 - Interrupted Motility Induced Phase Separation in A.pdf;/Users/fergusmoore/Zotero/storage/ACB4GWXQ/PhysRevLett.123.html}
}

@article{vanderlinden2019a,
  title = {Interrupted {{Motility Induced Phase Separation}} in {{Aligning Active Colloids}}},
  author = {{van der Linden}, Marjolein N. and Alexander, Lachlan C. and Aarts, Dirk G. A. L. and Dauchot, Olivier},
  year = {2019},
  month = aug,
  journal = {Phys. Rev. Lett.},
  volume = {123},
  number = {9},
  pages = {098001},
  issn = {0031-9007, 1079-7114},
  doi = {10.1103/PhysRevLett.123.098001},
  langid = {english},
  file = {/Users/fergusmoore/Zotero/storage/ZAN3N775/van der Linden et al. - 2019 - Interrupted Motility Induced Phase Separation in A.pdf}
}

@article{vandermeer2016,
  title = {Removing Grain Boundaries from Three-Dimensional Colloidal Crystals Using Active Dopants},
  author = {{van der Meer}, B. and Dijkstra, M. and Filion, L.},
  options = {useprefix=true},
  year = {2016},
  journal = {Soft Matter},
  volume = {12},
  number = {25},
  pages = {5630--5635},
  issn = {1744-683X, 1744-6848},
  doi = {10.1039/C6SM00700G},
  langid = {english},
  file = {/Users/fergusmoore/Zotero/storage/BM3F7S5R/van der Meer et al. - 2016 - Removing grain boundaries from three-dimensional c.pdf}
}

@article{vanteeffelen2008,
  title = {Dynamics of a {{Brownian}} Circle Swimmer},
  author = {{van Teeffelen}, Sven and L{\"o}wen, Hartmut},
  year = {2008},
  month = aug,
  journal = {Phys. Rev. E},
  volume = {78},
  number = {2},
  pages = {020101},
  issn = {1539-3755, 1550-2376},
  doi = {10.1103/PhysRevE.78.020101},
  langid = {english},
  file = {/Users/fergusmoore/Zotero/storage/JP44YI5V/vanteeffelen2008.pdf.pdf;/Users/fergusmoore/Zotero/storage/P5QRPSX9/van Teeffelen and Löwen - 2008 - Dynamics of a Brownian circle swimmer.pdf}
}

@article{vernerey2019,
  title = {Biological Active Matter Aggregates: {{Inspiration}} for Smart Colloidal Materials},
  shorttitle = {Biological Active Matter Aggregates},
  author = {Vernerey, F.J. and Benet, E. and Blue, L. and Fajrial, A.K. and Lalitha Sridhar, S. and Lum, J.S. and Shakya, G. and Song, K.H. and Thomas, A.N. and Borden, M.A.},
  year = {2019},
  month = jan,
  journal = {Advances in Colloid and Interface Science},
  volume = {263},
  pages = {38--51},
  issn = {00018686},
  doi = {10.1016/j.cis.2018.11.006},
  langid = {english},
  file = {/Users/fergusmoore/Zotero/storage/MDAH2DPB/Vernerey et al. - 2019 - Biological active matter aggregates Inspiration f.pdf}
}

@article{vicsek1995,
  title = {Novel {{Type}} of {{Phase Transition}} in a {{System}} of {{Self-Driven Particles}}},
  author = {Vicsek, Tam{\'a}s and Czir{\'o}k, Andr{\'a}s and {Ben-Jacob}, Eshel and Cohen, Inon and Shochet, Ofer},
  year = {1995},
  month = aug,
  journal = {Phys. Rev. Lett.},
  volume = {75},
  number = {6},
  pages = {1226--1229},
  issn = {0031-9007, 1079-7114},
  doi = {10.1103/PhysRevLett.75.1226},
  langid = {english},
  file = {/Users/fergusmoore/Zotero/storage/LP7QYK77/Vicsek et al. - 1995 - Novel Type of Phase Transition in a System of Self.pdf}
}

@article{vicsek1995a,
  title = {Novel {{Type}} of {{Phase Transition}} in a {{System}} of {{Self-Driven Particles}}},
  author = {Vicsek, Tam{\'a}s and Czir{\'o}k, Andr{\'a}s and {Ben-Jacob}, Eshel and Cohen, Inon and Shochet, Ofer},
  year = {1995},
  month = aug,
  journal = {Phys. Rev. Lett.},
  volume = {75},
  number = {6},
  pages = {1226--1229},
  issn = {0031-9007, 1079-7114},
  doi = {10.1103/PhysRevLett.75.1226},
  langid = {english},
  file = {/Users/fergusmoore/Zotero/storage/6BFELQPM/Vicsek et al. - 1995 - Novel Type of Phase Transition in a System of Self.pdf}
}

@article{vicsek2012,
  title = {Collective Motion},
  author = {Vicsek, Tam{\'a}s and Zafeiris, Anna},
  year = {2012},
  month = aug,
  journal = {Physics Reports},
  volume = {517},
  number = {3-4},
  pages = {71--140},
  issn = {03701573},
  doi = {10.1016/j.physrep.2012.03.004},
  langid = {english},
  file = {/Users/fergusmoore/Zotero/storage/ID4AAL9S/Vicsek and Zafeiris - 2012 - Collective motion.pdf}
}

@article{vincent1988,
  title = {Phase Separation in Dispersions of Weakly-Interacting Particles in Solutions of Non-Adsorbing Polymer},
  author = {Vincent, Brian and Edwards, John and Emmett, Simon and Croot, Robert},
  year = {1988},
  month = jan,
  journal = {Colloids and Surfaces},
  volume = {31},
  pages = {267--298},
  issn = {01666622},
  doi = {10.1016/0166-6622(88)80200-2},
  langid = {english},
  file = {/Users/fergusmoore/Zotero/storage/RBUG27TZ/Vincent et al. - 1988 - Phase separation in dispersions of weakly-interact.pdf}
}

@book{viswanathan2011,
  title = {The {{Physics}} of {{Foraging}}: {{An Introduction}} to {{Random Searches}} and {{Biological Encounters}}},
  shorttitle = {The {{Physics}} of {{Foraging}}},
  author = {Viswanathan, Gandhimohan M. and da Luz, Marcos G. E. and Raposo, Ernesto P. and Stanley, H. Eugene},
  year = {2011},
  month = jun,
  publisher = {{Cambridge University Press}},
  googlebooks = {HmsOhXpWywoC},
  isbn = {978-1-139-49755-8},
  langid = {english},
  keywords = {Science / Life Sciences / Biology,Science / Physics / General,Science / Physics / Mathematical \& Computational}
}

@article{volpe2011a,
  title = {Microswimmers in Patterned Environments},
  author = {Volpe, Giovanni and Buttinoni, Ivo and Vogt, Dominik and K{\"u}mmerer, Hans-J{\"u}rgen and Bechinger, Clemens},
  year = {2011},
  journal = {Soft Matter},
  volume = {7},
  number = {19},
  pages = {8810--8815},
  publisher = {{Royal Society of Chemistry}},
  doi = {10.1039/C1SM05960B},
  langid = {english},
  file = {/Users/fergusmoore/Zotero/storage/4T5G285Q/Volpe et al. - 2011 - Microswimmers in patterned environments.pdf;/Users/fergusmoore/Zotero/storage/KWZJIZV5/c1sm05960b.html}
}

@article{volpe2014,
  title = {Simulation of the Active {{Brownian}} Motion of a Microswimmer},
  author = {Volpe, Giorgio and Gigan, Sylvain and Volpe, Giovanni},
  year = {2014},
  month = jul,
  journal = {American Journal of Physics},
  volume = {82},
  number = {7},
  pages = {659--664},
  issn = {0002-9505, 1943-2909},
  doi = {10.1119/1.4870398},
  langid = {english},
  file = {/Users/fergusmoore/Zotero/storage/AFGKERI8/Volpe et al. - 2014 - Simulation of the active Brownian motion of a micr.pdf;/Users/fergusmoore/Zotero/storage/V9A5IVPF/volpe2014.pdf.pdf}
}

@article{wales1997,
  title = {Global {{Optimization}} by {{Basin-Hopping}} and the {{Lowest Energy Structures}} of {{Lennard-Jones Clusters Containing}} up to 110 {{Atoms}}},
  author = {Wales, David J and Doye, Jonathan P K},
  pages = {6},
  doi = {10.1021/jp970984n},
  langid = {english},
  file = {/Users/fergusmoore/Zotero/storage/UHJ6V5GH/Wales and Doye - Global Optimization by Basin-Hopping and the Lowes.pdf}
}

@article{wang2011,
  title = {On the Spontaneous Collective Motion of Active Matter},
  author = {Wang, Shenshen and Wolynes, Peter G.},
  year = {2011},
  month = sep,
  journal = {PNAS},
  volume = {108},
  number = {37},
  pages = {15184--15189},
  publisher = {{National Academy of Sciences}},
  issn = {0027-8424, 1091-6490},
  doi = {10.1073/pnas.1112034108},
  chapter = {Biological Sciences},
  langid = {english},
  pmid = {21876141},
  keywords = {emergent phenomenon,nonequilibrium structures,soft condensed matter,symmetry breaking},
  file = {/Users/fergusmoore/Zotero/storage/UNU92MFW/Wang and Wolynes - 2011 - On the spontaneous collective motion of active mat.pdf;/Users/fergusmoore/Zotero/storage/Q88PZXC9/15184.html}
}

@article{wang2011a,
  title = {Communication: {{Effective}} Temperature and Glassy Dynamics of Active Matter},
  shorttitle = {Communication},
  author = {Wang, Shenshen and Wolynes, Peter G.},
  year = {2011},
  month = aug,
  journal = {J. Chem. Phys.},
  volume = {135},
  number = {5},
  pages = {051101},
  issn = {0021-9606, 1089-7690},
  doi = {10.1063/1.3624753},
  langid = {english},
  file = {/Users/fergusmoore/Zotero/storage/BHUHLV2W/Wang and Wolynes - 2011 - Communication Effective temperature and glassy dy.pdf}
}

@article{wang2012,
  title = {Nano/{{Microscale Motors}}: {{Biomedical Opportunities}} and {{Challenges}}},
  shorttitle = {Nano/{{Microscale Motors}}},
  author = {Wang, Joseph and Gao, Wei},
  year = {2012},
  month = jul,
  journal = {ACS Nano},
  volume = {6},
  number = {7},
  pages = {5745--5751},
  issn = {1936-0851, 1936-086X},
  doi = {10.1021/nn3028997},
  langid = {english},
  file = {/Users/fergusmoore/Zotero/storage/FHZ8TYYD/wang2012.pdf.pdf;/Users/fergusmoore/Zotero/storage/YIAB2BJS/Wang and Gao - 2012 - NanoMicroscale Motors Biomedical Opportunities a.pdf}
}

@article{whitaker1986,
  title = {Flow in Porous Media {{I}}: {{A}} Theoretical Derivation of {{Darcy}}'s Law},
  author = {Whitaker, Stephen},
  year = {1986},
  journal = {Transport in Porous Media},
  volume = {1},
  number = {1},
  pages = {3--25},
  publisher = {{Kluwer Academic Publishers}},
  doi = {10.1007/BF01036523},
  file = {/Users/fergusmoore/Zotero/storage/UPCIXJQZ/Whitaker - 1986 - Flow in porous media I A theoretical derivation of Darcy's law.pdf}
}

@article{whittle1999,
  title = {Pore Size in Model Particle Gels},
  author = {Whittle, Martin and Dickinson, Eric},
  year = {1999},
  month = jan,
  journal = {Molecular Physics},
  volume = {96},
  number = {2},
  pages = {259--264},
  issn = {0026-8976, 1362-3028},
  doi = {10.1080/00268979909482958},
  langid = {english},
  file = {/Users/fergusmoore/Zotero/storage/5W6HJBI7/Whittle and Dickinson - 1999 - Pore size in model particle gels.pdf}
}

@article{williams2018,
  title = {Experimental Determination of Configurational Entropy in a Two-Dimensional Liquid under Random Pinning},
  author = {Williams, Ian and Turci, Francesco and Hallett, James E and Crowther, Peter and Cammarota, Chiara and Biroli, Giulio and Royall, C Patrick},
  year = {2018},
  month = mar,
  journal = {J. Phys.: Condens. Matter},
  volume = {30},
  number = {9},
  pages = {094003},
  issn = {0953-8984, 1361-648X},
  doi = {10.1088/1361-648X/aaa869},
  langid = {english},
  file = {/Users/fergusmoore/Zotero/storage/NU7V8QJ6/Williams et al. - 2018 - Experimental determination of configurational entr.pdf}
}

@article{winkler2015,
  title = {Virial Pressure in Systems of Spherical Active {{Brownian}} Particles},
  author = {Winkler, Roland G. and Wysocki, Adam and Gompper, Gerhard},
  year = {2015},
  journal = {Soft Matter},
  volume = {11},
  number = {33},
  pages = {6680--6691},
  issn = {1744-683X, 1744-6848},
  doi = {10.1039/C5SM01412C},
  langid = {english},
  file = {/Users/fergusmoore/Zotero/storage/CAPCR7DY/Winkler et al. - 2015 - Virial pressure in systems of spherical active Bro.pdf}
}

@article{winkler2015a,
  title = {Virial Pressure in Systems of Spherical Active {{Brownian}} Particles},
  author = {Winkler, Roland G. and Wysocki, Adam and Gompper, Gerhard},
  year = {2015},
  journal = {Soft Matter},
  volume = {11},
  number = {33},
  pages = {6680--6691},
  issn = {1744-683X, 1744-6848},
  doi = {10.1039/C5SM01412C},
  langid = {english},
  file = {/Users/fergusmoore/Zotero/storage/3HNHEGWB/winkler2015.pdf.pdf;/Users/fergusmoore/Zotero/storage/WVM3IW3T/Winkler et al. - 2015 - Virial pressure in systems of spherical active Bro.pdf}
}

@misc{wood,
  title = {Hard {{Sphere Nucleation}} Rates},
  author = {Wood, Nicholas},
  howpublished = {https://research-information.bris.ac.uk/ws/portalfiles/portal/212896628/NicholasWood\_Thesis\_Final.pdf},
  keywords = {thesis},
  file = {/Users/fergusmoore/Zotero/storage/36VMH25X/NicholasWood_Thesis_Final.pdf}
}

@article{wood1957,
  title = {Preliminary {{Results}} from a {{Recalculation}} of the {{Monte Carlo Equation}} of {{State}} of {{Hard Spheres}}},
  author = {Wood, W. W. and Jacobson, J. D.},
  year = {1957},
  month = nov,
  journal = {The Journal of Chemical Physics},
  volume = {27},
  number = {5},
  pages = {1207--1208},
  issn = {0021-9606, 1089-7690},
  doi = {10.1063/1.1743956},
  langid = {english},
  file = {/Users/fergusmoore/Zotero/storage/S3FGGK5I/Wood and Jacobson - 1957 - Preliminary Results from a Recalculation of the Mo.pdf}
}

@article{wood2018,
  title = {Coupling of Sedimentation and Liquid Structure: {{Influence}} on Hard Sphere Nucleation},
  shorttitle = {Coupling of Sedimentation and Liquid Structure},
  author = {Wood, Nicholas and Russo, John and Turci, Francesco and Royall, C. Patrick},
  year = {2018},
  month = nov,
  journal = {J. Chem. Phys.},
  volume = {149},
  number = {20},
  pages = {204506},
  publisher = {{American Institute of Physics}},
  issn = {0021-9606},
  doi = {10.1063/1.5050397},
  file = {/Users/fergusmoore/Zotero/storage/XDNVTGVW/Wood et al. - 2018 - Coupling of sedimentation and liquid structure In.pdf;/Users/fergusmoore/Zotero/storage/8DV6YDHS/1.html}
}

@article{woodcock1997,
  title = {Entropy Difference between the Face-Centred Cubic and Hexagonal Close-Packed Crystal Structures},
  author = {Woodcock, L. V.},
  year = {1997},
  month = jan,
  journal = {Nature},
  volume = {385},
  number = {6612},
  pages = {141--143},
  publisher = {{Nature Publishing Group}},
  issn = {1476-4687},
  doi = {10.1038/385141a0},
  langid = {english},
  file = {/Users/fergusmoore/Zotero/storage/5MUJFFQC/Woodcock - 1997 - Entropy difference between the face-centred cubic .pdf;/Users/fergusmoore/Zotero/storage/ZC4RAK7B/385141a0.html}
}

@article{wysocki2014,
  title = {Cooperative Motion of Active {{Brownian}} Spheres in Three-Dimensional Dense Suspensions},
  author = {Wysocki, Adam and Winkler, Roland G. and Gompper, Gerhard},
  year = {2014},
  month = feb,
  journal = {EPL Europhys. Lett.},
  volume = {105},
  number = {4},
  pages = {48004--48004},
  doi = {10.1209/0295-5075/105/48004}
}

@article{wysocki2020,
  title = {Capillary {{Action}} in {{Scalar Active Matter}}},
  author = {Wysocki, Adam and Rieger, Heiko},
  year = {2020},
  month = jan,
  journal = {Phys. Rev. Lett.},
  volume = {124},
  number = {4},
  pages = {048001},
  issn = {0031-9007, 1079-7114},
  doi = {10.1103/PhysRevLett.124.048001},
  langid = {english},
  file = {/Users/fergusmoore/Zotero/storage/3PCAUN69/Wysocki and Rieger - 2020 - Capillary Action in Scalar Active Matter.pdf;/Users/fergusmoore/Zotero/storage/NDMD2YTR/10.1103@PhysRevLett.124.048001.pdf.pdf}
}

@article{yan2016,
  title = {Reconfiguring Active Particles by Electrostatic Imbalance},
  author = {Yan, Jing and Han, Ming and Zhang, Jie and Xu, Cong and Luijten, Erik and Granick, Steve},
  year = {2016},
  month = oct,
  journal = {Nature Materials},
  volume = {15},
  number = {10},
  pages = {1095--1099},
  issn = {1476-4660},
  doi = {10.1038/nmat4696},
  file = {/Users/fergusmoore/Zotero/storage/U37EWUJJ/steveGranickActiveNatureMaterials2016.pdf}
}

@article{yanagishima2017,
  title = {Common Mechanism of Thermodynamic and Mechanical Origin for Ageing and Crystallization of Glasses},
  author = {Yanagishima, Taiki and Russo, John and Tanaka, Hajime},
  year = {2017},
  month = jun,
  journal = {Nat. Commun.},
  volume = {8},
  number = {1},
  pages = {15954},
  publisher = {{Nature Publishing Group}},
  issn = {2041-1723},
  doi = {10.1038/ncomms15954},
  langid = {english},
  file = {/Users/fergusmoore/Zotero/storage/U2EDIV7S/Yanagishima et al. - 2017 - Common mechanism of thermodynamic and mechanical o.pdf;/Users/fergusmoore/Zotero/storage/525DRPIH/ncomms15954.html}
}

@misc{yang2022,
  title = {Locate {{Nano Particles}}},
  author = {Yang, Yushi},
  year = {2022},
  month = feb
}

@article{yethiraj2003,
  ids = {yethiraj2003a},
  title = {A Colloidal Model System with an Interaction Tunable from Hard Sphere to Soft and Dipolar},
  author = {Yethiraj, Anand and {van Blaaderen}, Alfons},
  options = {useprefix=true},
  year = {2003},
  month = jan,
  journal = {Nature},
  volume = {421},
  number = {6922},
  pages = {513--517},
  publisher = {{Nature Publishing Group}},
  issn = {1476-4687},
  doi = {10.1038/nature01328},
  copyright = {2003 Macmillan Magazines Ltd.},
  langid = {english},
  file = {/Users/fergusmoore/Zotero/storage/9WCVCQXK/Yethiraj and van Blaaderen - 2003 - A colloidal model system with an interaction tunab.pdf;/Users/fergusmoore/Zotero/storage/PEHLR3WL/Yethiraj and van Blaaderen - 2003 - A colloidal model system with an interaction tunab.pdf;/Users/fergusmoore/Zotero/storage/WTKG3A8X/Yethiraj and van Blaaderen - 2003 - A colloidal model system with an interaction tunab.pdf;/Users/fergusmoore/Zotero/storage/P2G792X6/nature01328.html;/Users/fergusmoore/Zotero/storage/RUA3AXN9/nature01328.html}
}

@article{yethiraj2007,
  title = {Tunable Colloids: Control of Colloidal Phase Transitions with Tunable Interactions},
  shorttitle = {Tunable Colloids},
  author = {Yethiraj, Anand},
  year = {2007},
  month = aug,
  journal = {Soft Matter},
  volume = {3},
  number = {9},
  pages = {1099--1115},
  publisher = {{The Royal Society of Chemistry}},
  issn = {1744-6848},
  doi = {10.1039/B704251P},
  langid = {english},
  file = {/Users/fergusmoore/Zotero/storage/TM9IPNQX/b704251p.html}
}

@article{zaccarelli2007,
  title = {Colloidal Gels: Equilibrium and Non-Equilibrium Routes},
  shorttitle = {Colloidal Gels},
  author = {Zaccarelli, Emanuela},
  year = {2007},
  month = aug,
  journal = {J. Phys.: Condens. Matter},
  volume = {19},
  number = {32},
  pages = {323101},
  issn = {0953-8984, 1361-648X},
  doi = {10.1088/0953-8984/19/32/323101},
  langid = {english},
  file = {/Users/fergusmoore/Zotero/storage/BM276R98/Zaccarelli - 2007 - Colloidal gels equilibrium and non-equilibrium ro.pdf}
}

@article{zaccarelli2009,
  title = {Crystallization of {{Hard-Sphere Glasses}}},
  author = {Zaccarelli, E. and Valeriani, C. and Sanz, E. and Poon, W. C. K. and Cates, M. E. and Pusey, P. N.},
  year = {2009},
  month = sep,
  journal = {Phys. Rev. Lett.},
  volume = {103},
  number = {13},
  pages = {135704},
  publisher = {{American Physical Society}},
  doi = {10.1103/PhysRevLett.103.135704},
  file = {/Users/fergusmoore/Zotero/storage/4HHWZSCA/Zaccarelli et al. - 2009 - Crystallization of Hard-Sphere Glasses.pdf;/Users/fergusmoore/Zotero/storage/TZXE7XDL/PhysRevLett.103.html}
}

@article{zakine2020,
  title = {Surface {{Tensions}} between {{Active Fluids}} and {{Solid Interfaces}}: {{Bare}} vs {{Dressed}}},
  shorttitle = {Surface {{Tensions}} between {{Active Fluids}} and {{Solid Interfaces}}},
  author = {Zakine, R. and Zhao, Y. and Kne{\v z}evi{\'c}, M. and Daerr, A. and Kafri, Y. and Tailleur, J. and {van Wijland}, F.},
  year = {2020},
  month = jun,
  journal = {Phys. Rev. Lett.},
  volume = {124},
  number = {24},
  pages = {248003},
  issn = {0031-9007, 1079-7114},
  doi = {10.1103/PhysRevLett.124.248003},
  langid = {english},
  file = {/Users/fergusmoore/Zotero/storage/Y8DFHQH5/Zakine et al. - 2020 - Surface Tensions between Active Fluids and Solid I.pdf}
}

@article{zeitz2017,
  ids = {zeitz2017a,zeitz2017b},
  title = {Active {{Brownian}} Particles Moving in a Random {{Lorentz}} Gas},
  author = {Zeitz, Maria and Wolff, Katrin and Stark, Holger},
  year = {2017},
  journal = {Eur. Phys. J. E},
  volume = {40},
  number = {2},
  doi = {10.1140/epje/i2017-11510-0},
  keywords = {Soft Matter: Colloids and Nanoparticles},
  file = {/Users/fergusmoore/Zotero/storage/BG9JRDDX/Zeitz2017_Article_ActiveBrownianParticlesMovingI.pdf;/Users/fergusmoore/Zotero/storage/G37RDL9Y/Zeitz et al. - 2017 - Active Brownian particles moving in a random Loren.pdf;/Users/fergusmoore/Zotero/storage/ISYWNJQ8/Zeitz et al. - 2017 - Active Brownian particles moving in a random Loren.pdf}
}

@article{zeitz2017a,
  title = {Active {{Brownian}} Particles Moving in a Random {{Lorentz}} Gas},
  author = {Zeitz, Maria and Wolff, Katrin and Stark, Holger},
  year = {2017},
  journal = {European Physical Journal E},
  volume = {40},
  number = {2},
  doi = {10.1140/epje/i2017-11510-0},
  keywords = {Soft Matter: Colloids and Nanoparticles},
  file = {/Users/fergusmoore/Zotero/storage/MJFDVDS9/Zeitz2017_Article_ActiveBrownianParticlesMovingI.pdf}
}

@article{zhang2010b,
  title = {Collective Motion and Density Fluctuations in Bacterial Colonies},
  author = {Zhang, H. P. and Be'er, Avraham and Florin, E.-L. and Swinney, Harry L.},
  year = {2010},
  month = aug,
  journal = {Proc. Natl. Acad. Sci. U.S.A.},
  volume = {107},
  number = {31},
  pages = {13626--13630},
  issn = {0027-8424, 1091-6490},
  doi = {10.1073/pnas.1001651107},
  langid = {english},
  file = {/Users/fergusmoore/Zotero/storage/FCWFNR3J/Zhang et al. - 2010 - Collective motion and density fluctuations in bact.pdf}
}

@article{zhang2017,
  title = {Janus {{Particle Synthesis}}, {{Assembly}}, and {{Application}}},
  author = {Zhang, Jie and Grzybowski, Bartosz A and Granick, Steve},
  year = {2017},
  pages = {14},
  langid = {english},
  file = {/Users/fergusmoore/Zotero/storage/F5XXPS2X/Zhang et al. - 2017 - Janus Particle Synthesis, Assembly, and Applicatio.pdf}
}

@article{zheng2013a,
  title = {Non-{{Gaussian}} Statistics for the Motion of Self-Propelled {{Janus}} Particles: {{Experiment}} versus Theory},
  shorttitle = {Non-{{Gaussian}} Statistics for the Motion of Self-Propelled {{Janus}} Particles},
  author = {Zheng, Xu and {ten Hagen}, Borge and Kaiser, Andreas and Wu, Meiling and Cui, Haihang and {Silber-Li}, Zhanhua and L{\"o}wen, Hartmut},
  year = {2013},
  month = sep,
  journal = {Phys. Rev. E},
  volume = {88},
  number = {3},
  pages = {032304},
  issn = {1539-3755, 1550-2376},
  doi = {10.1103/PhysRevE.88.032304},
  langid = {english},
  file = {/Users/fergusmoore/Zotero/storage/XH7ITDN2/Zheng et al. - 2013 - Non-Gaussian statistics for the motion of self-pro.pdf}
}

@article{zhou2009,
  title = {Universal Behavior of the Osmotically Compressed Cell and Its Analogy to the Colloidal Glass Transition},
  author = {Zhou, E. H. and Trepat, X. and Park, C. Y. and Lenormand, G. and Oliver, M. N. and Mijailovich, S. M. and Hardin, C. and Weitz, D. A. and Butler, J. P. and Fredberg, J. J.},
  year = {2009},
  month = jun,
  journal = {Proc. Natl. Acad. Sci. U.S.A.},
  volume = {106},
  number = {26},
  pages = {10632--10637},
  issn = {0027-8424, 1091-6490},
  doi = {10.1073/pnas.0901462106},
  langid = {english},
  file = {/Users/fergusmoore/Zotero/storage/HL9ZN882/zhou2009.pdf.pdf;/Users/fergusmoore/Zotero/storage/Q3F3MQYU/Zhou et al. - 2009 - Universal behavior of the osmotically compressed c.pdf}
}

@misc{zotero-8268,
  title = {Elsevier {{Enhanced Reader}}},
  doi = {10.1006/jcph.1995.1039},
  langid = {english},
  file = {/Users/fergusmoore/Zotero/storage/V5YA33EI/Elsevier Enhanced Reader.pdf;/Users/fergusmoore/Zotero/storage/FLCWC4K5/S002199918571039X.html}
}

@misc{zotero-8977,
  title = {Minimal Model of Active Colloids Highlights the Role of Mechanical Interactions in Controlling the Emergent Behavior of Active Matter | {{Elsevier Enhanced Reader}}},
  doi = {10.1016/j.cocis.2016.01.003},
  langid = {english},
  file = {/Users/fergusmoore/Zotero/storage/HR49ZV7J/S1359029416300024.html}
}

@article{zottl2014,
  title = {Hydrodynamics {{Determines Collective Motion}} and {{Phase Behavior}} of {{Active Colloids}} in {{Quasi-Two-Dimensional Confinement}}},
  author = {Z{\"o}ttl, Andreas and Stark, Holger},
  year = {2014},
  month = mar,
  journal = {Phys. Rev. Lett.},
  volume = {112},
  number = {11},
  pages = {118101},
  publisher = {{American Physical Society}},
  doi = {10.1103/PhysRevLett.112.118101},
  file = {/Users/fergusmoore/Zotero/storage/7CTZQVLV/Zöttl and Stark - 2014 - Hydrodynamics Determines Collective Motion and Pha.pdf;/Users/fergusmoore/Zotero/storage/4MBX6YR8/PhysRevLett.112.html}
}


